@techreport{Heinrich:2011:ILDA,
    title = {{"Infinite LDA" -- Implementing the HDP with minimum code complexity}},
    year = {2011},
    author = {Heinrich, Gregor},
    keywords = {HDP, LDA}
}

@article{Girdhar2016a,
    title = {{(submitted) Bayesian nonparametric modeling of robot mission data for anomaly detection and semantic visualizations}},
    year = {2016},
    journal = {Journal of Field Robotics},
    author = {Girdhar, Yogesh and Pineda, Jesus and Cho, Walter and Singh, Hanumant}
}

@article{Lin2010,
    title = {{A Bayesian approach to modeling lost person behaviors based on terrain features in Wilderness Search and Rescue}},
    year = {2010},
    journal = {Computational and Mathematical Organization Theory},
    author = {Lin, Lanny and Goodrich, Michael a.},
    number = {3},
    month = {7},
    pages = {300--323},
    volume = {16},
    url = {http://www.springerlink.com/index/10.1007/s10588-010-9066-2},
    isbn = {1058801090},
    doi = {10.1007/s10588-010-9066-2},
    issn = {1381-298X},
    keywords = {1 four qualitatively different, 2008, and exhaustive search, are used in wisar, bayesian modeling, constraining, for more details, geographic information systems, hasty search, markov chain monte carlo, priority search, search, search and rescue, see goodrich et al, types of search strategies}
}

@inproceedings{FeiFei:2005:CVPR,
    title = {{A Bayesian Hierarchical Model for Learning Natural Scene Categories}},
    year = {2005},
    booktitle = {2005 IEEE Computer Society Conference on Computer Vision and Pattern Recognition (CVPR'05)},
    author = {Fei-Fei, Li and Perona, Pietro},
    month = {6},
    pages = {524--531},
    volume = {2},
    publisher = {IEEE},
    url = {http://ieeexplore.ieee.org/lpdocs/epic03/wrapper.htm?arnumber=1467486},
    isbn = {0-7695-2372-2},
    doi = {10.1109/CVPR.2005.16},
    issn = {1063-6919},
    keywords = {Bayesian hierarchical model, codeword distribution}
}

@inproceedings{Steinberg2011,
    title = {{A Bayesian Nonparametric Approach to Clustering Data from Underwater Robotic Surveys}},
    year = {2011},
    booktitle = {15th International Symposium on Robotics Research},
    author = {Steinberg, Daniel M. and Friedman, Ariell and Pizarro, Oscar and Williams, Stefan B.},
    pages = {1--16},
    url = {http://www.isrr-2011.org/ISRR-2011/Program{\_}files/Papers/Williams-ISRR-2011.pdf},
    address = {Flagstaff, AZ}
}

@article{Pineda2015,
    title = {{A crab swarm at an ecological hotspot: patchiness and population density from AUV observations at a coastal, tropical seamount}},
    year = {2016},
    journal = {PeerJ},
    author = {Pineda, Jesús and Cho, Walter and Starczak, Victoria and Govindarajan, Annette F. and Guzman, Héctor M. and Girdhar, Yogesh and Holleman, Rusty C and Churchill, James and Singh, Hanumant and Ralston, David K},
    month = {4},
    pages = {e1770},
    volume = {4},
    url = {https://peerj.com/articles/1770},
    doi = {10.7717/peerj.1770},
    issn = {2167-8359}
}

@article{Heath2011,
    title = {{A Dirichlet Process Prior for Estimating Lineage-Specific Substitution Rates.}},
    year = {2011},
    journal = {Molecular biology and evolution},
    author = {Heath, Tracy a and Holder, Mark T and Huelsenbeck, John P},
    month = {11},
    pages = {1--13},
    url = {http://www.ncbi.nlm.nih.gov/pubmed/22049064},
    doi = {10.1093/molbev/msr255},
    issn = {1537-1719},
    pmid = {22049064}
}

@article{Valdes2009,
    title = {{A framework for video abstraction systems analysis and modelling from an operational point of viewhttp://www.springerlink.com/content/j350425v67p66712/fulltext.pdf}},
    year = {2009},
    journal = {Multimedia Tools and Applications},
    author = {Vald{\'{e}}s, Víctor and Mart{\'{i}}nez, José M.},
    number = {1},
    month = {10},
    pages = {7--35},
    volume = {49},
    url = {http://dl.acm.org/citation.cfm?id=1825050.1825052 http://www.springerlink.com/index/10.1007/s11042-009-0392-7},
    doi = {10.1007/s11042-009-0392-7},
    issn = {1380-7501},
    keywords = {Algorithm performance, Taxonomy, Video abstraction, Video summarization}
}

@inproceedings{Yamauchi,
    title = {{A frontier-based approach for autonomous exploration}},
    year = {1997},
    booktitle = {Proceedings 1997 IEEE International Symposium on Computational Intelligence in Robotics and Automation CIRA'97. 'Towards New Computational Principles for Robotics and Automation'},
    author = {Yamauchi, Brian},
    pages = {146--151},
    publisher = {IEEE Comput. Soc. Press},
    url = {http://ieeexplore.ieee.org/xpl/freeabs{\_}all.jsp?arnumber=613851},
    isbn = {0-8186-8138-1},
    doi = {10.1109/CIRA.1997.613851}
}

@article{Baumgartner2011,
    title = {{A generalized baleen whale call detection and classification system}},
    year = {2011},
    journal = {The Journal of the Acoustical Society of America},
    author = {Baumgartner, Mark F and Mussoline, Sarah E},
    number = {5},
    pages = {2889--2902},
    volume = {129}
}

@article{Yu-Fei2005,
    title = {{A generic framework of user attention model and its application in video summarization}},
    year = {2005},
    journal = {IEEE Transactions on Multimedia},
    author = {Yu-Fei, Ma and Xian-Sheng, Hua and Lie, Lu and Hong-Jiang, Zhang},
    number = {5},
    month = {10},
    pages = {907--919},
    volume = {7},
    doi = {10.1109/TMM.2005.854410},
    issn = {1520-9210}
}

@article{Chvatal:1979:greedy,
    title = {{A greedy heuristic for the set-covering problem}},
    year = {1979},
    journal = {Mathematics of operations research},
    author = {Chvatal, Vasek},
    number = {3},
    pages = {233--235},
    volume = {4},
    publisher = {INFORMS}
}

@inproceedings{Babaioff:APPROX:2007,
    title = {{A Knapsack Secretary Problem with Applications}},
    year = {2007},
    booktitle = {APPROX '07/RANDOM '07: Proceedings of the 10th International Workshop on Approximation and the 11th International Workshop on Randomization, and Combinatorial Optimization. Algorithms and Techniques},
    author = {Babaioff, Moshe and Immorlica, Nicole and Kempe, David and Kleinberg, Robert},
    pages = {16--28},
    publisher = {Springer-Verlag},
    address = {Berlin, Heidelberg},
    isbn = {978-3-540-74207-4},
    doi = {http://dx.doi.org/10.1007/978-3-540-74208-1{\_}2}
}

@article{Lorenzen1966,
    title = {{A method for the continuous measurement of in vivo chlorophyll concentration}},
    year = {1966},
    journal = {Deep-Sea Research},
    author = {Lorenzen, Carl J.},
    pages = {223--227},
    volume = {13}
}

@article{Itti:1998,
    title = {{A Model of Saliency-Based Visual Attention for Rapid Scene Analysis}},
    year = {1998},
    journal = {IEEE Trans. Pattern Anal. Mach. Intell.},
    author = {Itti, Laurent and Koch, Christof and Niebur, Ernst},
    number = {11},
    month = {11},
    pages = {1254--1259},
    volume = {20},
    publisher = {IEEE Computer Society},
    url = {http://portal.acm.org/citation.cfm?id=297843.297870},
    address = {Washington, DC, USA},
    doi = {10.1109/34.730558},
    issn = {0162-8828},
    keywords = {Visual attention, feature extraction, saliency, scene analysis, target detection, visual search}
}

@phdthesis{Ding2007,
    title = {{A Multiple Secretary Problem with Switch Costs}},
    year = {2007},
    booktitle = {Program},
    author = {Ding, Jiachuan},
    url = {http://en.scientificcommons.org/35003933},
    school = {Massachusetts Institute of Technology}
}

@inproceedings{Kleinberg:SODA:2005,
    title = {{A multiple-choice secretary algorithm with applications to online auctions}},
    year = {2005},
    booktitle = {SODA '05: Proceedings of the sixteenth annual ACM-SIAM symposium on Discrete algorithms},
    author = {Kleinberg, Robert},
    pages = {630--631},
    publisher = {Society for Industrial and Applied Mathematics},
    address = {Philadelphia, PA, USA},
    isbn = {0-89871-585-7}
}

@article{Kendall:1938,
    title = {{A new measure of rank correlation}},
    year = {1938},
    journal = {Biometrika},
    author = {Kendall, M G},
    number = {1-2},
    pages = {81--93},
    volume = {30},
    url = {http://biomet.oxfordjournals.org/content/30/1-2/81.short},
    doi = {10.1093/biomet/30.1-2.81}
}

@article{Kemp2010,
    title = {{A probabilistic model of theory formation.}},
    year = {2010},
    journal = {Cognition},
    author = {Kemp, Charles and Tenenbaum, Joshua B and Niyogi, Sourabh and Griffiths, Thomas L},
    number = {2},
    month = {2},
    pages = {165--96},
    volume = {114},
    publisher = {Elsevier B.V.},
    url = {http://www.ncbi.nlm.nih.gov/pubmed/19892328},
    doi = {10.1016/j.cognition.2009.09.003},
    issn = {1873-7838},
    pmid = {19892328},
    keywords = {Algorithms, Bayes Theorem, Concept Formation, Humans, Learning, Learning: physiology, Mental Processes, Mental Processes: physiology, Models, Statistical}
}

@article{Itti:2000,
    title = {{A saliency-based search mechanism for overt and covert shifts of visual attention}},
    year = {2000},
    journal = {Vision Research},
    author = {Itti, Laurent and Koch, Christof},
    number = {10-12},
    pages = {1489--1506},
    volume = {40},
    url = {http://www.sciencedirect.com/science/article/B6T0W-404H1SB-R/2/1780dc58eab901afa87d64ae78d8ba3c},
    doi = {DOI: 10.1016/S0042-6989(99)00163-7},
    issn = {0042-6989},
    keywords = {Vision systems}
}

@article{Varma2005,
    title = {{A Statistical Approach to Texture Classification from Single Images}},
    year = {2005},
    journal = {International Journal of Computer Vision},
    author = {Varma, Manik and Zisserman, Andrew},
    number = {1/2},
    month = {4},
    pages = {61--81},
    volume = {62},
    url = {http://link.springer.com/10.1023/B:VISI.0000046589.39864.ee},
    doi = {10.1023/B:VISI.0000046589.39864.ee},
    issn = {0920-5691},
    keywords = {3d textures, filter banks, material classification, rotation invariance, textons}
}

@article{Olson2007a,
    title = {{A submersible imaging-in-flow instrument to analyze nano-and microplankton: Imaging FlowCytobot}},
    year = {2007},
    journal = {Limnology and Oceanography: Methods},
    author = {Olson, Robert J. and Sosik, Heidi M.},
    number = {6},
    month = {6},
    pages = {195--203},
    volume = {5},
    url = {http://doi.wiley.com/10.4319/lom.2007.5.195},
    doi = {10.4319/lom.2007.5.195},
    issn = {15415856}
}

@incollection{Girdhar:V3D:2011,
    title = {{A surprising problem in navigation}},
    year = {2011},
    booktitle = {Vision in 3D Environments},
    author = {Girdhar, Yogesh and Dudek, Gregory},
    editor = {Harris, Laurence R and Jenkin, Michael R M},
    chapter = {11},
    publisher = {Cambridge University Press},
    doi = {10.1017/CBO9780511736261.011}
}

@article{Breier2009,
    title = {{A suspended-particle rosette multi-sampler for discrete biogeochemical sampling in low-particle-density waters}},
    year = {2009},
    journal = {Deep Sea Research Part I: Oceanographic Research Papers},
    author = {Breier, J.A. and Rauch, C.G. and McCartney, K. and Toner, B.M. and Fakra, S.C. and White, S.N. and German, C.R.},
    number = {9},
    month = {9},
    pages = {1579--1589},
    volume = {56},
    url = {http://linkinghub.elsevier.com/retrieve/pii/S0967063709000739},
    doi = {10.1016/j.dsr.2009.04.005},
    issn = {09670637}
}

@article{Slavik:1997:setcover,
    title = {{A Tight Analysis of the Greedy Algorithm for Set Cover}},
    year = {1997},
    journal = {Journal of Algorithms},
    author = {Slav{\'{i}}k, Petr},
    number = {2},
    pages = {237--254},
    volume = {25},
    url = {http://www.sciencedirect.com/science/article/B6WH3-45M8Y07-3/2/8910a0cff5a2ce3a17fb73af435eccca},
    doi = {DOI: 10.1006/jagm.1997.0887},
    issn = {0196-6774}
}

@article{Cui2007,
    title = {{A Tighter Analysis of Set Cover Greedy Algorithm for Test Set}},
    year = {2007},
    journal = {ArXiv e-prints},
    author = {Cui, P},
    month = {5},
    arxivId = {0705.1750},
    keywords = {Computer Science - Data Structures and Algorithms}
}

@book{Hume1738,
    title = {{A Treatise of Human Nature}},
    year = {1738},
    author = {Hume, David},
    pages = {368}
}

@article{Luxburg:2007,
    title = {{A tutorial on spectral clustering}},
    year = {2007},
    journal = {Statistics and Computing},
    author = {von Luxburg, Ulrike and Luxburg, Ulrike},
    number = {4},
    month = {8},
    pages = {395--416},
    volume = {17},
    publisher = {Springer},
    url = {http://www.springerlink.com/index/10.1007/s11222-007-9033-z},
    doi = {10.1007/s11222-007-9033-z},
    issn = {0960-3174},
    keywords = {graph laplacian, spectral clustering, tutorial}
}

@article{Scheffe:1947,
    title = {{A useful convergence theorem for probability distributions}},
    year = {1947},
    journal = {The Annals of Mathematical Statistics},
    author = {Scheff{\'{e}}, Henry},
    number = {3},
    pages = {434--438},
    volume = {18}
}

@inproceedings{Ma02auser,
    title = {{A user attention model for video summarization}},
    year = {2002},
    booktitle = {In Proceedings of ACM Multimedia},
    author = {Ma, Yu-fei and Lu, Lie and Zhang, Hong-jiang and Li, Mingjing},
    pages = {533--542}
}

@inproceedings{Dudek2007,
    title = {{A Visual Language for Robot Control and Programming: A Human-Interface Study}},
    year = {2007},
    booktitle = {Proceedings 2007 IEEE International Conference on Robotics and Automation},
    author = {Dudek, Gregory and Sattar, Junaed and Xu, Anqi},
    month = {4},
    pages = {2507--2513},
    publisher = {IEEE},
    url = {http://ieeexplore.ieee.org/lpdocs/epic03/wrapper.htm?arnumber=4209460},
    address = {Roma},
    isbn = {1-4244-0602-1},
    doi = {10.1109/ROBOT.2007.363842},
    issn = {1050-4729}
}

@inproceedings{Kurihara2007,
    title = {{Accelerated Variational Dirichlet Process Mixtures}},
    year = {2006},
    booktitle = {Advances in Neural Information Processing Systems},
    author = {Kurihara, Kenichi and Welling, Max and Vlassis, Nikos},
    pages = {761--768},
    url = {https://papers.nips.cc/paper/3025-accelerated-variational-dirichlet-process-mixtures.pdf}
}

@article{Hollinger2012,
    title = {{Active planning for underwater inspection and the benefit of adaptivity}},
    year = {2012},
    journal = {The International Journal of Robotics Research},
    author = {Hollinger, Geoffrey A and Englot, Brendan and Hover, Franz S and Mitra, Urbashi and Sukhatme, Gaurav S},
    number = {1},
    month = {11},
    pages = {3--18},
    volume = {32},
    url = {http://ijr.sagepub.com/cgi/doi/10.1177/0278364912467485},
    doi = {10.1177/0278364912467485},
    issn = {0278-3649},
    keywords = {active perception, adaptivity gaps, motion planning, sensor coverage, underwater robotics}
}

@inproceedings{Stauffer1999,
    title = {{Adaptive background mixture models for real-time tracking}},
    year = {1999},
    booktitle = {Computer Vision and Pattern Recognition, 1999. IEEE Computer Society Conference on.},
    author = {Stauffer, Chris and Grimson, W. Eric L.},
    doi = {10.1109/CVPR.1999.784637}
}

@inproceedings{zhang2007adaptive,
    title = {{Adaptive sampling for estimating a scalar field using a robotic boat and a sensor network}},
    year = {2007},
    booktitle = {Proc. of the IEEE Int. Conf. on Robotics and Automation (ICRA '07)},
    author = {Zhang, B and Sukhatme, G S},
    pages = {3673--3680},
    organization = {IEEE},
    isbn = {1424406013},
    issn = {1050-4729}
}

@inproceedings{Fiorelli2003,
    title = {{Adaptive sampling using feedback control of an autonomous underwater glider fleet}},
    year = {2003},
    booktitle = {Proc. 13th Int. Symp. on Unmanned Untethered Submersible Technology (UUST)},
    author = {Fiorelli, Edward and Bhatta, Pradeep and Leonard, Naomi Ehrich and Shulman, Igor},
    url = {http://citeseerx.ist.psu.edu/viewdoc/download?doi=10.1.1.132.6665{\&}amp;rep=rep1{\&}amp;type=pdf}
}

@inproceedings{Thompson2013,
    title = {{Adaptive sensing of time series with application to remote exploration}},
    year = {2013},
    booktitle = {2013 IEEE International Conference on Robotics and Automation},
    author = {Thompson, David R. and Cabrol, Nathalie A. and Furlong, Michael and Hardgrove, Craig and Low, Bryan Kian Hsiang and Moersch, Jeffrey and Wettergreen, David},
    month = {5},
    pages = {3463--3468},
    publisher = {IEEE},
    url = {http://ieeexplore.ieee.org/lpdocs/epic03/wrapper.htm?arnumber=6631061},
    isbn = {978-1-4673-5643-5},
    doi = {10.1109/ICRA.2013.6631061}
}

@article{Hover2012,
    title = {{Advanced perception, navigation and planning for autonomous in-water ship hull inspection}},
    year = {2012},
    journal = {The International Journal of Robotics Research},
    author = {Hover, F. S. and Eustice, R. M. and Kim, A. and Englot, B. and Johannsson, H. and Kaess, M. and Leonard, J. J.},
    number = {12},
    month = {11},
    pages = {1445--1464},
    volume = {31},
    url = {http://ijr.sagepub.com/cgi/doi/10.1177/0278364912461059},
    doi = {10.1177/0278364912461059},
    issn = {0278-3649}
}

@article{Bron1973,
    title = {{Algorithm 457: finding all cliques of an undirected graph}},
    year = {1973},
    journal = {Communications of the ACM},
    author = {Bron, Coen and Kerbosch, Joep},
    number = {9},
    month = {9},
    pages = {575--577},
    volume = {16},
    url = {http://portal.acm.org/citation.cfm?doid=362342.362367},
    doi = {10.1145/362342.362367},
    issn = {00010782}
}

@article{Viola:IJCV:1997,
    title = {{Alignment by Maximization of Mutual Information}},
    year = {1997},
    journal = {International Journal of Computer Vision(IJCV)},
    author = {Viola, Paul and III, William M Wells},
    pages = {137--154}
}

@article{Nister:PAMI:2004,
    title = {{An Efficient Solution to the Five-Point Relative Pose Problem}},
    year = {2004},
    journal = {Pattern Analysis and Machine Intelligence, IEEE Transactions on},
    author = {Nist{\'{e}}r, David},
    number = {6},
    month = {6},
    volume = {26}
}

@book{Hume1748,
    title = {{An Enquiry Concerning Human Understanding}},
    year = {1748},
    author = {Hume, David}
}

@article{Furao:2006,
    title = {{An incremental network for on-line unsupervised classification and topology learning}},
    year = {2006},
    journal = {Neural Networks},
    author = {Furao, Shen and Hasegawa, Osamu},
    number = {1},
    pages = {90--106},
    volume = {19},
    url = {http://www.sciencedirect.com/science/article/B6T08-4H2FXYW-1/2/a3c518661d12baa3404aed00469b02b5},
    doi = {DOI: 10.1016/j.neunet.2005.04.006},
    issn = {0893-6080},
    keywords = {Topology representation, icra2011}
}

@article{amigoni2010information,
    title = {{An information-based exploration strategy for environment mapping with mobile robots}},
    year = {2010},
    journal = {Robotics and Autonomous Systems},
    author = {Amigoni, Francesco and Caglioti, Vincenzo},
    number = {5},
    pages = {684--699},
    volume = {58},
    publisher = {Elsevier}
}

@misc{cisco:2010,
    title = {{Annual Cisco Visual Networking Index Forecast Projects Global IP Traffic to Increase More Than Fourfold by 2014}},
    author = {{Cisco}},
    url = {http://newsroom.cisco.com/dlls/2010/prod{\_}060210.html}
}

@inproceedings{Girdhar2015,
    title = {{Anomaly detection in unstructured environments using Bayesian nonparametric scene modeling}},
    year = {2016},
    booktitle = {2016 IEEE International Conference on Robotics and Automation (ICRA)},
    author = {Girdhar, Yogesh and {Walter Cho} and Campbell, Matthew and Pineda, Jesus and Clarke, Elizabeth and Singh, Hanumant},
    month = {5},
    pages = {2651--2656},
    publisher = {IEEE},
    url = {http://arxiv.org/abs/1509.07979 http://ieeexplore.ieee.org/document/7487424/},
    isbn = {978-1-4673-8026-3},
    doi = {10.1109/ICRA.2016.7487424},
    arxivId = {1509.07979}
}

@article{Cummins2010,
    title = {{Appearance-only SLAM at large scale with FAB-MAP 2.0}},
    year = {2010},
    journal = {The International Journal of Robotics Research},
    author = {Cummins, M. and Newman, P.},
    number = {9},
    month = {11},
    pages = {1100--1123},
    volume = {30},
    url = {http://ijr.sagepub.com/cgi/doi/10.1177/0278364910385483},
    doi = {10.1177/0278364910385483},
    issn = {0278-3649},
    keywords = {FABMAP, appearance-based navigation, fab-map, robotics, slam}
}

@article{Ross1972,
    title = {{Approach and exploration of a novel alternative by 12-month-old infants}},
    year = {1972},
    journal = {Journal of Experimental Child Psychology},
    author = {Ross, Hildy S and Rheingold, Harriet L and Eckerman, Carol O},
    number = {1},
    pages = {85--93},
    volume = {13},
    url = {http://www.sciencedirect.com/science/article/pii/0022096572900094},
    doi = {10.1016/0022-0965(72)90009-4},
    issn = {0022-0965}
}

@article{Dudek:Comp:2007,
    title = {{AQUA: An Amphibious Autonomous Robot}},
    year = {2007},
    journal = {Computer},
    author = {Dudek, Gregory and Giguere, Philippe and Prahacs, Chris and Saunderson, Shane and Sattar, Junaed and Torres-Mendez, Luz-Abril and Jenkin, Michael and German, Andrew and Hogue, Andrew and Ripsman, Arlene and Zacher, Jim and Milios, Evangelos and Liu, Hui and Zhang, Pifu and Buehler, Marti and Georgiades, Christina},
    number = {1},
    pages = {46--53},
    volume = {40},
    publisher = {IEEE Computer Society},
    address = {Los Alamitos, CA, USA},
    doi = {http://doi.ieeecomputersociety.org/10.1109/MC.2007.6},
    issn = {0018-9162},
    keywords = {AQUA}
}

@article{Kato2002,
    title = {{ARToolKit: library for Vision-Based augmented reality}},
    year = {2002},
    journal = {IEICE, PRMU},
    author = {Kato, Hirokazu},
    pages = {79--86}
}

@incollection{Smyth2009,
    title = {{Asynchronous Distributed Learning of Topic Models}},
    year = {2009},
    booktitle = {Advances in Neural Information Processing Systems 21},
    author = {Smyth, Padhraic and Welling, Max and Asuncion, Arthur U},
    editor = {Koller, D and Schuurmans, D and Bengio, Y and Bottou, L},
    pages = {81--88},
    publisher = {Curran Associates, Inc.},
    url = {http://papers.nips.cc/paper/3524-asynchronous-distributed-learning-of-topic-models.pdf}
}

@inproceedings{Bourque:CVPR:1998,
    title = {{Automated Image-Based Mapping}},
    year = {1998},
    booktitle = {Proceedings of the Workshop on Perception of Mobile Agents, Conference on Computer Vision and Pattern Recognition (CVPR)},
    author = {Bourque, Eric and Dudek, Gregory},
    month = {6},
    pages = {61--70}
}

@inproceedings{Schaffalitzky02automatedscene,
    title = {{Automated scene matching in movies}},
    year = {2002},
    booktitle = {In Proceedings of the Challenge of Image and Video Retrieval, London, LNCS 2383},
    author = {Schaffalitzky, F and Zisserman, A},
    pages = {186--197},
    publisher = {Springer-Verlag}
}

@article{Sosik2007,
    title = {{Automated taxonomic classification of phytoplankton sampled with imaging-in-flow cytometry}},
    year = {2007},
    journal = {Limnology and Oceanography: Methods},
    author = {Sosik, Heidi M. and Olson, Robert J.},
    number = {6},
    month = {6},
    pages = {204--216},
    volume = {5},
    url = {http://doi.wiley.com/10.4319/lom.2007.5.204},
    doi = {10.4319/lom.2007.5.204},
    issn = {15415856}
}

@inproceedings{Raanan2016,
    title = {{Automatic Fault Diagnosis for Autonomous Underwater Vehicles using Online Topic Models}},
    year = {2016},
    booktitle = {Oceans '16},
    author = {Raanan, Ben Yair and Bellingham, James and Zhang, Yanwu and Kemp, Mathieu and Kieft, Brian and Singh, Hanumant and Girdhar, Yogesh}
}

@inproceedings{Ngo03automaticvideo,
    title = {{Automatic Video Summarization by Graph Modeling}},
    year = {2003},
    booktitle = {in Proceedings of the 9th IEEE International Conference on Computer Vision},
    author = {Ngo, Chong-wah and Ma, Yu-fei and Zhang, Hong-jiang},
    pages = {104--109}
}

@article{Girdhar2013IJRR,
    title = {{Autonomous adaptive exploration using realtime online spatiotemporal topic modeling}},
    year = {2013},
    journal = {The International Journal of Robotics Research},
    author = {Girdhar, Yogesh and Giguere, Philippe and Dudek, Gregory},
    number = {4},
    month = {11},
    pages = {645--657},
    volume = {33},
    url = {http://ijr.sagepub.com/cgi/doi/10.1177/0278364913507325},
    doi = {10.1177/0278364913507325},
    issn = {0278-3649}
}

@incollection{Girdhar2013a,
    title = {{Autonomous Adaptive Underwater Exploration using Online Topic Modeling}},
    year = {2013},
    booktitle = {Experimental Robotics},
    author = {Girdhar, Yogesh and Giguere, Philippe and Dudek, Gregory},
    editor = {Desai, Jaydev P. and Dudek, Gregory and Khatib, Oussama and Kumar, Vijay},
    pages = {789--802},
    publisher = {Springer International Publishing},
    url = {http://dx.doi.org/10.1007/978-3-319-00065-7{\_}53},
    isbn = {978-3-319-00064-0},
    doi = {10.1007/978-3-319-00065-7{\_}53}
}

@inproceedings{Girdhar:ISER:2012,
    title = {{Autonomous Adaptive Underwater Exploration using Online Topic Modelling}},
    year = {2012},
    booktitle = {International Symposium on Experimental Robotics (ISER)},
    author = {Girdhar, Yogesh and Gigu{\`{e}}re, Philippe and Dudek, Gregory},
    url = {http://www.cim.mcgill.ca/{\~{}}yogesh/iser2012}
}

@article{Zhang2012,
    title = {{Autonomous detection and sampling of water types and fronts in a coastal upwelling system by an autonomous underwater vehicle}},
    year = {2012},
    journal = {Limnology and Oceanography: Methods},
    author = {Zhang, Yanwu and Ryan, John P. and Bellingham, James G. and Harvey, Julio B. J. and McEwen, Robert S.},
    number = {11},
    month = {11},
    pages = {934--951},
    volume = {10},
    url = {http://doi.wiley.com/10.4319/lom.2012.10.934},
    doi = {10.4319/lom.2012.10.934},
    issn = {15415856}
}

@article{Thrun2004,
    title = {{Autonomous exploration and mapping of abandoned mines}},
    year = {2004},
    journal = {IEEE Robotics {\&} Automation Magazine},
    author = {Thrun, S. and Thayer, S. and Whittaker, W. and Baker, C. and Burgard, W. and Ferguson, D. and Hannel, D. and Montemerlo, M. and Morris, A. and Omohundro, Z. and Reverte, C.},
    number = {4},
    month = {12},
    pages = {79--91},
    volume = {11},
    url = {http://ieeexplore.ieee.org/xpl/freeabs{\_}all.jsp?arnumber=1371614},
    doi = {10.1109/MRA.2004.1371614},
    issn = {1070-9932}
}

@inproceedings{Bender2013,
    title = {{Autonomous Exploration of Large-Scale Benthic Environments}},
    year = {2013},
    booktitle = {IEEE International Conference on Robotics and Automation (ICRA)},
    author = {Bender, Asher and Williams, Stefan B and Pizarro, Oscar},
    pages = {390--396},
    isbn = {9781467356428}
}

@inproceedings{Grabowski,
    title = {{Autonomous exploration via regions of interest}},
    year = {2003},
    booktitle = {Proceedings 2003 IEEE/RSJ International Conference on Intelligent Robots and Systems (IROS 2003)},
    author = {Grabowski, Robert and Khosla, Pradeep and Choset, Howie},
    pages = {1691--1696},
    volume = {2},
    publisher = {IEEE},
    url = {http://ieeexplore.ieee.org/lpdocs/epic03/wrapper.htm?arnumber=1248887},
    isbn = {0-7803-7860-1},
    doi = {10.1109/IROS.2003.1248887}
}

@article{Whaite1997a,
    title = {{Autonomous exploration: driven by uncertainty}},
    year = {1997},
    journal = {IEEE Transactions on Pattern Analysis and Machine Intelligence},
    author = {Whaite, P. and Ferrie, F.P.},
    number = {3},
    month = {3},
    pages = {193--205},
    volume = {19},
    url = {http://ieeexplore.ieee.org/lpdocs/epic03/wrapper.htm?arnumber=584097},
    doi = {10.1109/34.584097},
    issn = {01628828}
}

@inproceedings{Newman2003,
    title = {{Autonomous Feature-Based Exploration}},
    year = {2003},
    booktitle = {IEEE International Conference on Robotics and Automation},
    author = {Newman, P. and Bosse, M. and Leonard, J.},
    pages = {1234--1240},
    volume = {1},
    publisher = {Ieee},
    url = {http://ieeexplore.ieee.org/lpdocs/epic03/wrapper.htm?arnumber=1241761},
    isbn = {0-7803-7736-2},
    doi = {10.1109/ROBOT.2003.1241761}
}

@article{Zhang2016,
    title = {{Autonomous Four-Dimensional Mapping and Tracking of a Coastal Upwelling Front by an Autonomous Underwater Vehicle}},
    year = {2016},
    journal = {Journal of Field Robotics},
    author = {Zhang, Yanwu and Bellingham, James G. and Ryan, John P. and Kieft, Brian and Stanway, M. Jordan},
    number = {1},
    month = {1},
    pages = {67--81},
    volume = {33},
    url = {http://doi.wiley.com/10.1002/rob.21617},
    doi = {10.1002/rob.21617},
    issn = {15564959}
}

@misc{Curtin1993,
    title = {{Autonomous Oceanographic Sampling Networks}},
    year = {1993},
    booktitle = {Oceanography},
    author = {Curtin, Thomas and Bellingham, James and Catipovic, Josko and Webb, Doug},
    number = {3},
    pages = {86--94},
    volume = {6},
    doi = {10.5670/oceanog.1993.03},
    issn = {10428275}
}

@article{Thompson2011a,
    title = {{Autonomous science during large-scale robotic survey}},
    year = {2011},
    journal = {Journal of Field Robotics},
    author = {Thompson, David R. and Wettergreen, David S. and Peralta, Francisco J. Calderóon},
    number = {4},
    month = {7},
    pages = {542--564},
    volume = {28},
    url = {http://onlinelibrary.wiley.com/doi/10.1002/rob.20391/full http://doi.wiley.com/10.1002/rob.20391},
    doi = {10.1002/rob.20391},
    issn = {15564959}
}

@article{Beard2005VC,
    title = {{Autonomous vehicle technologies for small fixed wing UAVs}},
    year = {2005},
    journal = {AIAA Journal of Aerospace Computing, Information, and Communication},
    author = {Beard, Randal and Kingston, Derek and Quigley, Morgan and Snyder, Deryl and Christiansen, Reed and Johnson, Walt and McLain, Timothy and Goodrich, Mike},
    number = {1},
    pages = {92--108},
    volume = {2}
}

@article{sim2009autonomous,
    title = {{Autonomous vision-based robotic exploration and mapping using hybrid maps and particle filters}},
    year = {2009},
    journal = {Image and Vision Computing},
    author = {Sim, Robert and Little, James J},
    number = {1},
    pages = {167--177},
    volume = {27},
    publisher = {Elsevier}
}

@article{Barkby2012,
    title = {{Bathymetric particle filter SLAM using trajectory maps}},
    year = {2012},
    journal = {The International Journal of Robotics Research},
    author = {Barkby, Stephen and Williams, Stephen B. and Pizarro, Oscar and Jakuba, Michael V.},
    number = {12},
    month = {9},
    pages = {1409--1430},
    volume = {31},
    url = {http://ijr.sagepub.com/cgi/doi/10.1177/0278364912459666},
    doi = {10.1177/0278364912459666},
    issn = {0278-3649},
    keywords = {bathymetry, gaussian process, mapping, navigation, rbpf, slam}
}

@article{Griffiths2008,
    title = {{Bayesian models of cognition}},
    year = {2008},
    journal = {Cambridge handbook of computational cognitive modeling},
    author = {Griffiths, Thomas L. and Kemp, Charles and Tenenbaum, Joshua B.},
    pages = {59--100},
    url = {http://web.mit.edu/{\~{}}cocosci/Papers/griffiths-kemp-tenenbaum-Bayes-chapter.pdf}
}

@book{Barber:2011:Book,
    title = {{Bayesian Reasoning and Machine Learning}},
    year = {2011},
    author = {Barber, David},
    publisher = {Cambridge University Press}
}

@inproceedings{Ranga:ICRA:2009,
    title = {{Bayesian surprise and landmark detection}},
    year = {2009},
    booktitle = {2009 IEEE International Conference on Robotics and Automation},
    author = {Ranganathan, Ananth and Dellaert, Frank},
    month = {5},
    pages = {2017--2023},
    publisher = {IEEE},
    url = {http://ieeexplore.ieee.org/lpdocs/epic03/wrapper.htm?arnumber=5152376},
    organization = {Institute of Electrical and Electronics Engineers Inc., The},
    address = {Kobe},
    isbn = {978-1-4244-2788-8},
    doi = {10.1109/ROBOT.2009.5152376}
}

@article{Itti:VR:2009,
    title = {{Bayesian surprise attracts human attention}},
    year = {2009},
    journal = {Vision Research},
    author = {Itti, Laurent and Baldi, Pierre},
    number = {10},
    pages = {1295--1306},
    volume = {49},
    doi = {DOI: 10.1016/j.visres.2008.09.007},
    issn = {0042-6989},
    keywords = {Novelty}
}

@article{Rivero-Calle2008,
    title = {{Biological and physical characteristics of a mesophotic coral reef : Black Jack reef , Vieques , Puerto Rico}},
    year = {2008},
    journal = {Proceedings of the 11th International Coral Reef Symposiumth International Coral Reef Symposium},
    author = {Rivero-Calle, S. and Armstrong, R.A. and Soto-Santiago, F.J.},
    number = {16},
    pages = {567--571},
    keywords = {mesophotic reefs, seabed auv, vieques}
}

@techreport{Nakamoto,
    title = {{Bitcoin : A Peer-to-Peer Electronic Cash System}},
    year = {2008},
    author = {Nakamoto, Satoshi},
    pages = {1--9}
}

@inproceedings{Le2012,
    title = {{Building high-level features using large scale unsupervised learning}},
    year = {2012},
    booktitle = {International Conference in Machine Learning},
    author = {Le, Quoc V. and Ranzato, Marc'Aurelio and Monga, Rajat and Devin, Matthieu and Chen, Kai and Corrado, Greg S. and Dean, Jeff and Ng, Andrew Y.}
}

@article{Oliva2006,
    title = {{Building the gist of a scene: the role of global image features in recognition.}},
    year = {2006},
    journal = {Progress in brain research},
    author = {Oliva, Aude and Torralba, Antonio},
    month = {1},
    pages = {23--36},
    volume = {155},
    url = {http://www.ncbi.nlm.nih.gov/pubmed/17027377},
    isbn = {1617258865},
    doi = {10.1016/S0079-6123(06)55002-2},
    issn = {0079-6123},
    pmid = {17027377},
    keywords = {Generalization, Stimulus, Generalization, Stimulus: physiology, Humans, Models, Psychological, Pattern Recognition, Visual, Photic Stimulation, Photic Stimulation: methods, Recognition (Psychology), Social Environment, Space Perception, Space Perception: physiology, Visual Fields, Visual Fields: physiology}
}

@inproceedings{Triggs:ICCV:1999,
    title = {{Bundle Adjustment - A Modern Synthesis}},
    year = {1999},
    booktitle = {International Conference On Computer Vision (ICCV)},
    author = {Triggs, Bill and McLauchlan, Philip F and Hartley, Richard I and Fitzgibbon, Andrew W},
    pages = {298--372}
}

@article{Maddern2012,
    title = {{CAT-SLAM: probabilistic localisation and mapping using a continuous appearance-based trajectory}},
    year = {2012},
    journal = {The International Journal of Robotics Research},
    author = {Maddern, W. and Milford, M. and Wyeth, G.},
    number = {4},
    month = {4},
    pages = {429--451},
    volume = {31},
    url = {http://ijr.sagepub.com/cgi/doi/10.1177/0278364912438273},
    doi = {10.1177/0278364912438273},
    issn = {0278-3649},
    keywords = {appearance-based slam, cat-slam, vision-based robot navigation}
}

@article{Pearl2009a,
    title = {{Causal inference in statistics: An overview}},
    year = {2009},
    journal = {Statistics Surveys},
    author = {Pearl, Judea},
    pages = {96--146},
    volume = {3},
    url = {http://projecteuclid.org/euclid.ssu/1255440554},
    doi = {10.1214/09-SS057},
    issn = {1935-7516}
}

@book{Pearl2009,
    title = {{Causality}},
    year = {2009},
    author = {Pearl, Judea},
    publisher = {Cambridge University Press}
}

@article{Goodman2012,
    title = {{Church: a language for generative models}},
    year = {2012},
    author = {Goodman, Noah and Mansinghka, Vikash and Roy, Daniel M. and Bonawitz, Keith and Tenenbaum, Joshua B.},
    month = {6},
    url = {http://arxiv.org/abs/1206.3255},
    arxivId = {1206.3255}
}

@article{Peng:CSVT:2006,
    title = {{Clip-based similarity measure for query-dependent clip retrieval and video summarization}},
    year = {2006},
    journal = {IEEE Transactions on Circuits and Systems for Video Technology},
    author = {Peng, Y and Ngo, C},
    number = {5},
    pages = {613},
    volume = {16},
    publisher = {INSTITUTEOF ELECTRICAL AND ELECTRONICS ENGINEERS}
}

@book{Kaufman1987,
    title = {{Clustering by means of medoids}},
    year = {1987},
    author = {Kaufman, L. and Rousseeuw, P.J},
    publisher = {North-Holland},
    isbn = {0444702733}
}

@article{Gonzalez:1985,
    title = {{Clustering to minimize the maximum intercluster distance}},
    year = {1985},
    journal = {Theoretical Computer Science},
    author = {Gonzalez, Teofilo F},
    pages = {293--306},
    volume = {38},
    doi = {10.1016/0304-3975(85)90224-5},
    issn = {0304-3975},
    keywords = {k-centers}
}

@inproceedings{Burgard2000,
    title = {{Collaborative multi-robot exploration}},
    year = {2000},
    booktitle = {Proceedings 2000 ICRA. Millennium Conference. IEEE International Conference on Robotics and Automation. Symposia Proceedings (Cat. No.00CH37065)},
    author = {Burgard, W. and Moors, M. and Fox, Dieter and Simmons, Reid and Thrun, Sebastian},
    number = {April},
    pages = {476--481},
    volume = {1},
    publisher = {IEEE},
    url = {http://ieeexplore.ieee.org/lpdocs/epic03/wrapper.htm?arnumber=844100},
    isbn = {0-7803-5886-4},
    doi = {10.1109/ROBOT.2000.844100}
}

@inproceedings{Bauer:IAV:2007,
    title = {{Comparing several implementations of two recently published feature detectors}},
    year = {2007},
    booktitle = {Proceedings of the International Conference on Intelligent and Autonomous Systems, IAV, Toulouse, France},
    author = {Bauer, J and Sunderhauf, N and Protzel, P}
}

@article{Cowling2003a,
    title = {{Comparison of techniques for environmental sound recognition}},
    year = {2003},
    journal = {Pattern Recognition Letters},
    author = {Cowling, Michael and Sitte, Renate},
    editor = {ysocki, Tadeusz A. and Darnell, Michael and Honary, Bahram},
    number = {15},
    month = {11},
    pages = {2895--2907},
    volume = {24},
    url = {http://linkinghub.elsevier.com/retrieve/pii/S0167865503001478},
    doi = {10.1016/S0167-8655(03)00147-8},
    issn = {01678655},
    keywords = {acoustic signal processing, audio signal processing, environmental sound recognition, joint time-frequency feature extraction, non-speech sound recognition}
}

@article{Grigorescu:2002:Gabor,
    title = {{Comparison of texture features based on Gabor filters}},
    year = {2002},
    journal = {IEEE Transactions on Image processing},
    author = {Grigorescu, Simona E and Petkov, Nicolai and Kruizinga, Peter},
    number = {10},
    pages = {1160--1167},
    volume = {11},
    publisher = {Institute of Electrical and Electronics Engineers, Inc, 445 Hoes Ln, Piscataway, NJ, 08854-1331, USA,},
    keywords = {gabor, texture}
}

@article{Johnson2016,
    title = {{Composing graphical models with neural networks for structured representations and fast inference}},
    year = {2016},
    author = {Johnson, Matthew J. and Duvenaud, David and Wiltschko, Alexander B. and Datta, Sandeep R. and Adams, Ryan P.},
    month = {3},
    url = {http://arxiv.org/abs/1603.06277},
    arxivId = {1603.06277}
}

@phdthesis{Kaeli2013,
    title = {{Computational Strategies for Understanding Underwater Optical Image Datasets}},
    year = {2013},
    author = {Kaeli, Jefrey W.},
    pages = {135},
    school = {Woods Hole Oceanographic Institution and Massachusetts Institute of Technology}
}

@book{Garey:1979,
    title = {{Computers and intractability. A guide to the theory of NP-completeness. A Series of Books in the Mathematical Sciences}},
    year = {1979},
    author = {Garey, M R and Johnson, D S},
    publisher = {WH Freeman and Company, San Francisco, Calif}
}

@article{Malik2001,
    title = {{Contour and Texture Analysis for Image Segmentation}},
    year = {2001},
    journal = {International Journal of Computer Vision},
    author = {Malik, Jitendra and Belongie, Serge and Leung, Thomas and Shi, Jianbo},
    number = {1},
    pages = {7--27},
    volume = {43},
    doi = {10.1023/A:1011174803800},
    keywords = {cue integration, grouping, normalized cut, segmentation, texton, texture}
}

@article{St-Onge2016,
    title = {{Control, localization and human interaction with an autonomous lighter-than-air performer}},
    year = {2016},
    journal = {Robotics and Autonomous Systems},
    author = {St-Onge, David and Breches, Pierre-Yves and Shar, Inna and Reeve, Nicolas and Rekleitis, Ioannis and Abouzakh, Patrick and Girdhar, Yogesh and Harmat, Adam and Dudek, Gregory and Giguere, Philippe}
}

@article{Lee2009,
    title = {{Convolutional deep belief networks for scalable unsupervised learning of hierarchical representations}},
    year = {2009},
    journal = {Proceedings of the 26th Annual International Conference on Machine Learning - ICML '09},
    author = {Lee, Honglak and Grosse, Roger and Ranganath, Rajesh and Ng, Andrew Y.},
    pages = {1--8},
    publisher = {ACM Press},
    url = {http://portal.acm.org/citation.cfm?doid=1553374.1553453},
    address = {New York, New York, USA},
    isbn = {9781605585161},
    doi = {10.1145/1553374.1553453}
}

@inproceedings{bahr2008cooperative,
    title = {{Cooperative localization for autonomous underwater vehicles}},
    year = {2006},
    booktitle = {Proc. of the 10th Int. Symposium on Experimental Robotics (ISER '06)},
    author = {Bahr, A and Leonard, J J},
    pages = {387--395}
}

@article{Das2012,
    title = {{Coordinated sampling of dynamic oceanographic features with underwater vehicles and drifters}},
    year = {2012},
    journal = {The International Journal of Robotics Research},
    author = {Das, Jnaneshwar and Py, Frederic and Maughan, Thom and O’Reilly, Tom and Messie, Monique and Ryan, John and Sukhatme, Gaurav S and Rajan, Kanna},
    number = {5},
    month = {4},
    pages = {626--646},
    volume = {31},
    url = {http://ijr.sagepub.com/cgi/doi/10.1177/0278364912440736},
    doi = {10.1177/0278364912440736},
    issn = {0278-3649},
    keywords = {autonomous underwater vehicles, environmental robotics, field and service robotics, marine robotics}
}

@article{Choset1998,
    title = {{Coverage path planning: The boustrophedon cellular decomposition}},
    year = {1998},
    journal = {Field and Service Robotics},
    author = {Choset, Howie and Pignon, Philippe},
    url = {http://link.springer.com/chapter/10.1007/978-1-4471-1273-0{\_}32},
    doi = {10.1007/978-1-4471-1273-0{\_}32}
}

@inproceedings{Girdhar2014ICRA,
    title = {{Curiosity based exploration for learning terrain models}},
    year = {2014},
    booktitle = {2014 IEEE International Conference on Robotics and Automation (ICRA)},
    author = {Girdhar, Yogesh and Whitney, David and Dudek, Gregory},
    month = {5},
    pages = {578--584},
    publisher = {IEEE},
    url = {http://ieeexplore.ieee.org/lpdocs/epic03/wrapper.htm?arnumber=6906913},
    isbn = {978-1-4799-3685-4},
    doi = {10.1109/ICRA.2014.6906913},
    arxivId = {1310.6767}
}

@article{Das2015,
    title = {{Data-driven robotic sampling for marine ecosystem monitoring}},
    year = {2015},
    journal = {The International Journal of Robotics Research},
    author = {Das, J. and Py, F. and Harvey, J. B. J. and Ryan, J. P. and Gellene, A. and Graham, R. and Caron, D. A. and Rajan, K. and Sukhatme, G. S.},
    number = {12},
    month = {10},
    pages = {1435--1452},
    volume = {34},
    url = {http://ijr.sagepub.com/cgi/doi/10.1177/0278364915587723},
    doi = {10.1177/0278364915587723},
    issn = {0278-3649}
}

@article{Donahue2014,
    title = {{DeCAF: A Deep Convolutional Activation Feature for Generic Visual Recognition}},
    year = {2014},
    journal = {Icml},
    author = {Donahue, Jeff and Jia, Yangqing and Vinyals, Oriol and Hoffman, Judy and Zhang, Ning and Tzeng, Eric and Darrell, Trevor},
    pages = {647–655},
    volume = {32},
    url = {http://arxiv.org/abs/1310.1531}
}

@article{LeCun2015,
    title = {{Deep learning}},
    year = {2015},
    journal = {Nature},
    author = {LeCun, Yann and Bengio, Yoshua and Hinton, Geoffrey},
    number = {7553},
    month = {5},
    pages = {436--444},
    volume = {521},
    url = {http://www.nature.com/doifinder/10.1038/nature14539},
    doi = {10.1038/nature14539},
    issn = {0028-0836}
}

@article{He2015,
    title = {{Deep Residual Learning for Image Recognition}},
    year = {2015},
    author = {He, Kaiming and Zhang, Xiangyu and Ren, Shaoqing and Sun, Jian},
    month = {12},
    url = {http://arxiv.org/abs/1512.03385},
    arxivId = {1512.03385}
}

@article{He2015b,
    title = {{Deep Residual Learning for Image Recognition}},
    year = {2015},
    journal = {Arxiv.Org},
    author = {He, Kaiming and Zhang, Xiangyu and Ren, Shaoqing and Sun, Jian},
    number = {3},
    pages = {171--180},
    volume = {7},
    url = {http://arxiv.org/pdf/1512.03385v1.pdf},
    isbn = {978-1-4673-6964-0},
    doi = {10.3389/fpsyg.2013.00124},
    issn = {1664-1078},
    pmid = {23554596},
    arxivId = {1512.03385},
    keywords = {deep learning, denoising auto-encoder, image denoising}
}

@inproceedings{Sim:CRV:06,
    title = {{Design and analysis of a framework for real-time vision-based SLAM using Rao-Blackwellised particle filter}},
    year = {2006},
    booktitle = {3rd Canadian Conference on Computer and Robotic Vision (CRV 2006)},
    author = {Sim, Robert and Elinas, Pantelis and Griffin, Matt and Shyr, Alex and Little, James J}
}

@inproceedings{Cai:ICM:2010,
    title = {{Digesting omni-video along routes for navigation}},
    year = {2010},
    booktitle = {Proceedings of the international conference on Multimedia},
    author = {Cai, Hongyuan and Zheng, Jiang Yu},
    pages = {647--650},
    series = {MM '10},
    publisher = {ACM},
    url = {http://doi.acm.org/10.1145/1873951.1874042},
    address = {New York, NY, USA},
    isbn = {978-1-60558-933-6},
    doi = {http://doi.acm.org/10.1145/1873951.1874042},
    keywords = {compression, continuity, cyber space, digest, level-of-details, motion parallax, navigation, omni-video}
}

@article{Lowe:IJCV:2004,
    title = {{Distinctive image features from scale-invariant keypoints}},
    year = {2004},
    journal = {International Journal of Computer Vision},
    author = {Lowe, David G},
    number = {2},
    volume = {60}
}

@article{Newman2009a,
    title = {{Distributed Algorithms for Topic Models}},
    year = {2009},
    journal = {The Journal of Machine Learning Research},
    author = {Newman, David and Asuncion, Arthur and Smyth, Padhraic and Welling, Max},
    pages = {1801--1828},
    volume = {10},
    url = {http://dl.acm.org/citation.cfm?id=1755845},
    keywords = {distributed, hierarchical dirichlet processes, latent dirichlet allocation, parallel computation, topic models}
}

@article{Sakaguchi:RSAR:1978,
    title = {{Dowry problems and OLA policies}},
    year = {1978},
    journal = {Rep. Statist. Appl. Res. JUSE},
    author = {Sakaguchi, M}
}

@article{Lumelsky1990SeedSpr,
    title = {{Dynamic Path Planning in Sensor-Based Terrain Acquisition}},
    year = {1990},
    journal = {IEEE Transactions on Robotics and Automation},
    author = {Lumelsky, V J and Mukhopadhyay, S and Sun, K},
    number = {4},
    pages = {462--472},
    volume = {6}
}

@article{Hsu:1979,
    title = {{Easy and hard bottleneck location problems}},
    year = {1979},
    journal = {Discrete Applied Mathematics},
    author = {Hsu, Wen-Lian and Nemhauser, George L},
    number = {3},
    pages = {209--215},
    volume = {1},
    url = {http://www.sciencedirect.com/science/article/B6TYW-46HW0N4-5/2/1a9ef82be9ca95988c9d75e76c216024},
    doi = {DOI: 10.1016/0166-218X(79)90044-1},
    issn = {0166-218X},
    keywords = {k-centers}
}

@article{Z.Zivkovic2006,
    title = {{Efficient adaptive density estimation per image pixel for the task of background subtraction}},
    year = {2006},
    journal = {Pattern Recognition Letters},
    author = {Zivkovic, Zoran and van der Heijden, Ferdinand},
    number = {7},
    month = {5},
    pages = {773--780},
    volume = {27},
    url = {http://linkinghub.elsevier.com/retrieve/pii/S0167865505003521},
    doi = {10.1016/j.patrec.2005.11.005},
    issn = {01678655}
}

@inproceedings{Girdhar:ICRA:2012,
    title = {{Efficient on-line data summarization using extremum summaries}},
    year = {2012},
    booktitle = {2012 IEEE International Conference on Robotics and Automation},
    author = {Girdhar, Yogesh and Dudek, Gregory},
    month = {5},
    pages = {3490--3496},
    publisher = {IEEE},
    url = {http://ieeexplore.ieee.org/lpdocs/epic03/wrapper.htm?arnumber=6224657},
    address = {Saint Paul, MN},
    isbn = {978-1-4673-1405-3},
    doi = {10.1109/ICRA.2012.6224657}
}

@inproceedings{kollar2008efficient,
    title = {{Efficient Optimization of Information-Theoretic Exploration in SLAM.}},
    year = {2008},
    booktitle = {AAAI},
    author = {Kollar, Thomas and Roy, Nicholas},
    pages = {1369--1375},
    volume = {8}
}

@phdthesis{Girdhar:2005:MSThesis,
    title = {{Efficient Sampling of Protein Folding Funnels using HMMSTR, and Pathway Generation using Probabilistic Roadmaps}},
    year = {2005},
    author = {Girdhar, Yogesh},
    month = {4},
    url = {http://cim.mcgill.ca/{\~{}}yogesh/publications/girdhar{\_}MS{\_}thesis.pdf},
    school = {Rensselaer Polytechnic Institute}
}

@inproceedings{Girdhar:CSB:2005,
    title = {{Efficient sampling of protein folding pathways using HMMSTR and probabilistic roadmaps}},
    year = {2005},
    booktitle = {Computational Systems Bioinformatics Conference, 2005. Workshops and Poster Abstracts. IEEE},
    author = {Girdhar, Yogesh and Bystroff, Chris and Akella, Srinivas},
    month = {8},
    pages = {222--223},
    url = {http://cim.mcgill.ca/{\~{}}yogesh/publications/csb2005.pdf},
    doi = {10.1109/CSBW.2005.59},
    keywords = {amino acid sequence, compact protein conformations}
}

@article{Chang:1999,
    title = {{Efficient video indexing scheme for content-based retrieval}},
    year = {1999},
    journal = {Circuits and Systems for Video Technology, IEEE Transactions on},
    author = {Chang, Hyun Sung and Sull, Sanghoon and Lee, Sang Uk and Member, Senior},
    number = {8},
    month = {12},
    pages = {1269--1279},
    volume = {9},
    doi = {10.1109/76.809161},
    issn = {1051-8215},
    keywords = {browsing, content-based retrieval, depth-first searc}
}

@book{Cover2012,
    title = {{Elements of information theory}},
    year = {2012},
    author = {Cover, Thomas M and Thomas, Joy A},
    publisher = {John Wiley {\&} Sons, Inc.}
}

@inproceedings{Sattar:IROS:2008,
    title = {{Enabling autonomous capabilities in underwater robotics}},
    year = {2008},
    booktitle = {2008 IEEE/RSJ International Conference on Intelligent Robots and Systems},
    author = {Sattar, Junaed and Dudek, Gregory and Chiu, Olivia and Rekleitis, Ioannis and Giguere, P. and Mills, Alec and Plamondon, Nicolas and Prahacs, Chris and Girdhar, Yogesh and Nahon, Meyer and Lobos, J.-P.},
    month = {9},
    pages = {3628--3634},
    publisher = {IEEE},
    url = {http://cim.mcgill.ca/{\~{}}yogesh/publications/iros2008.pdf http://ieeexplore.ieee.org/lpdocs/epic03/wrapper.htm?arnumber=4651158},
    address = {Nice, France},
    isbn = {978-1-4244-2057-5},
    doi = {10.1109/IROS.2008.4651158},
    keywords = {AQUA}
}

@article{Nemenman2001,
    title = {{Entropy and inference, revisited}},
    year = {2001},
    journal = {ArXiv e-prints physics/0108025},
    author = {Nemenman, Ilya and Shafee, Fariel and Bialek, William},
    month = {8},
    pages = {9},
    url = {http://arxiv.org/abs/physics/0108025},
    arxivId = {physics/0108025}
}

@book{Garcia-Moliner2015,
    title = {{Essential Fish Habitats of the Deep. Caribbean Fishery Management Council,}},
    year = {2015},
    author = {Garcia-Moliner, G. and Armstrong, R.A. and Vivas, M.C.},
    publisher = {National Oceanic and Atmospheric Administration}
}

@article{Wolpert1995,
    title = {{Estimating functions of probability distributions from a finite set of samples}},
    year = {1995},
    journal = {Phys. Rev. E},
    author = {Wolpert, David H and Wolf, David R},
    number = {6},
    month = {12},
    pages = {6841--6854},
    volume = {52},
    publisher = {American Physical Society},
    url = {http://link.aps.org/doi/10.1103/PhysRevE.52.6841},
    doi = {10.1103/PhysRevE.52.6841}
}

@article{Eustice2006,
    title = {{Exactly Sparse Delayed-State Filters for View-Based SLAM}},
    year = {2006},
    journal = {IEEE Transactions on Robotics},
    author = {Eustice, Ryan M. and Singh, Hanumant and Leonard, John J.},
    number = {6},
    month = {12},
    pages = {1100--1114},
    volume = {22},
    url = {http://ieeexplore.ieee.org/lpdocs/epic03/wrapper.htm?arnumber=4020357},
    isbn = {078038914X},
    doi = {10.1109/TRO.2006.886264},
    issn = {1552-3098},
    keywords = {Delayed states, EIF, SLAM}
}

@incollection{Aldous1985,
    title = {{Exchangeability and related topics}},
    year = {1985},
    booktitle = {{\'{E}}cole d'{\'{E}}t{\'{e}} de Probabilit{\'{e}}s de Saint-Flour XIII — 1983},
    author = {Aldous, David J.},
    pages = {1--198},
    publisher = {Springer Berlin Heidelberg},
    url = {http://www.springerlink.com/index/10.1007/BFb0099421},
    isbn = {978-3-540-15203-3},
    doi = {10.1007/BFb0099421}
}

@inproceedings{dhariwal2007experiments,
    title = {{Experiments in robotic boat localization}},
    year = {2007},
    booktitle = {Proc. of the IEEE/RSJ Int. Conf. on Intelligent Robots and Systems (IROS '07)},
    author = {Dhariwal, A and Sukhatme, G S},
    pages = {1702--1708},
    organization = {IEEE}
}

@inproceedings{Fradkin:2003,
    title = {{Experiments with random projections for machine learning}},
    year = {2003},
    booktitle = {Proceedings of the ninth ACM SIGKDD international conference on Knowledge discovery and data mining},
    author = {Fradkin, Dmitriy and Madigan, David},
    pages = {517--522},
    series = {KDD '03},
    publisher = {ACM},
    url = {http://dl.acm.org/citation.cfm?id=956812 http://doi.acm.org/10.1145/956750.956812},
    address = {New York, NY, USA},
    isbn = {1-58113-737-0},
    doi = {http://doi.acm.org/10.1145/956750.956812},
    keywords = {dimensionality reduction, random projection}
}

@inproceedings{Girdhar2014CRV,
    title = {{Exploring Underwater Environments with Curiosity}},
    year = {2014},
    booktitle = {2014 Canadian Conference on Computer and Robot Vision},
    author = {Girdhar, Yogesh and Dudek, Gregory},
    month = {5},
    pages = {104--110},
    publisher = {IEEE},
    url = {http://ieeexplore.ieee.org/lpdocs/epic03/wrapper.htm?arnumber=6816831},
    address = {Montreal},
    isbn = {978-1-4799-4337-1},
    doi = {10.1109/CRV.2014.22},
    keywords = {Exploration, Semantic Perception, Topic Modeling, Underwater Robotics}
}

@article{Cummins:IJRR:2008,
    title = {{FAB-MAP: Probabilistic localization and mapping in the space of appearance}},
    year = {2008},
    journal = {The International Journal of Robotics Research},
    author = {Cummins, Mark and Newman, Paul},
    number = {6},
    month = {6},
    pages = {647},
    volume = {27},
    publisher = {Multimedia Archives},
    url = {http://ijr.sagepub.com/cgi/doi/10.1177/0278364908090961},
    isbn = {0278364908090},
    doi = {10.1177/0278364908090961},
    issn = {0278-3649},
    keywords = {ap-, pearance based navigation, place recognition, topological slam}
}

@inproceedings{Turk1991,
    title = {{Face recognition using eigenfaces}},
    year = {1991},
    booktitle = {Proceedings. 1991 IEEE Computer Society Conference on Computer Vision and Pattern Recognition},
    author = {Turk, Mathew A. and Pentland, Alex P.},
    pages = {586--591},
    publisher = {IEEE Comput. Sco. Press},
    url = {http://ieeexplore.ieee.org/xpls/abs{\_}all.jsp?arnumber=139758 http://ieeexplore.ieee.org/lpdocs/epic03/wrapper.htm?arnumber=139758},
    isbn = {0-8186-2148-6},
    doi = {10.1109/CVPR.1991.139758}
}

@inproceedings{flann_2009,
    title = {{Fast Approximate Nearest Neighbors with Automatic Algorithm Configuration}},
    year = {2009},
    booktitle = {International Conference on Computer Vision Theory and Application VISSAPP'09)},
    author = {Muja, Marius and Lowe, David G},
    pages = {331--340},
    publisher = {INSTICC Press}
}

@article{Griffiths:2004,
    title = {{Finding scientific topics}},
    year = {2004},
    journal = {Proceedings of the National Academy of Sciences of the United States of America},
    author = {Griffiths, Thomas L and Steyvers, Mark},
    number = {Suppl 1},
    pages = {5228--5235},
    volume = {101},
    doi = {10.1073/pnas.0307752101},
    keywords = {Gibbs, LDA, topic}
}

@inproceedings{Kramer2006Battlespace,
    title = {{FIRRE joint battlespace command and control system for manned and unmanned assets (JBC2S)}},
    year = {2006},
    booktitle = {SPIE Unmanned Systems Techology VIII},
    author = {Kramer, T A and Laird, R T and Dinh, M and Barngrover, C M and Cruickshanks, J R and Gilbreath, G A}
}

@inproceedings{Achanta:CVPR:2009,
    title = {{Frequency-tuned salient region detection}},
    year = {2009},
    booktitle = {Computer Vision and Pattern Recognition, 2009. CVPR 2009. IEEE Conference on},
    author = {Achanta, R and Hemami, S and Estrada, F and Susstrunk, S},
    pages = {1597--1604},
    doi = {10.1109/CVPR.2009.5206596},
    issn = {1063-6919},
    keywords = {color;frequency-tuned salient region detection;ful}
}

@article{Rabinovich2015,
    title = {{Gaining Insight Into Films via Topic Modeling {\&} Visualization}},
    year = {2015},
    journal = {Parsons Journal for Information Mapping},
    author = {Rabinovich, Misha and Girdhar, Yogesh},
    number = {1},
    volume = {7},
    url = {http://misharabinovich.com/soyummy.html}
}

@book{Rasmussen:2006:GP,
    title = {{Gaussian Processes for Machine Learning}},
    year = {2006},
    author = {Rasmussen, Carl Edward and Williams, Christopher K I},
    publisher = {The MIT Press}
}

@inproceedings{Philbin:2008:gLDA,
    title = {{Geometric LDA: A Generative Model for Particular Object Discovery}},
    year = {2008},
    booktitle = {In Proceedings of the British Machine Vision Conference},
    author = {Philbin, James and Sivic, Josef and Zisserman, Andrew}
}

@article{Locker2010,
    title = {{Geomorphology of mesophotic coral ecosystems: Current perspectives on morphology, distribution, and mapping strategies}},
    year = {2010},
    journal = {Coral Reefs},
    author = {Locker, S. D. and Armstrong, R. A. and Battista, T. A. and Rooney, J. J. and Sherman, C. and Zawada, D. G.},
    pages = {329--345},
    volume = {29},
    doi = {10.1007/s00338-010-0613-6},
    issn = {07224028},
    keywords = {Coral, Geomorphology, Mesophotic, US Waters}
}

@misc{TheMendeleySupportTeam2011a,
    title = {{Getting Started with Mendeley}},
    year = {2011},
    booktitle = {Mendeley Desktop},
    author = {{The Mendeley Support Team}},
    pages = {1--16},
    publisher = {Mendeley Ltd.},
    url = {http://www.mendeley.com},
    address = {London},
    keywords = {Mendeley, how-to, user manual}
}

@article{Girdhar2015Gibbs,
    title = {{Gibbs Sampling Strategies for Semantic Perception of Streaming Video Data}},
    year = {2015},
    journal = {ArXiv e-prints},
    author = {Girdhar, Yogesh and Dudek, Gregory},
    pages = {7},
    url = {http://arxiv.org/abs/1509.03242},
    arxivId = {1509.03242}
}

@incollection{Pearl1998,
    title = {{Graphical Models for Probabilistic and Causal Reasoning}},
    year = {1998},
    booktitle = {Quantified Representation of Uncertainty and Imprecision},
    author = {Pearl, Judea},
    pages = {367--389},
    publisher = {Springer Netherlands},
    url = {http://link.springer.com/10.1007/978-94-017-1735-9{\_}12},
    address = {Dordrecht},
    doi = {10.1007/978-94-017-1735-9{\_}12}
}

@article{Wainwright:FTML:2008,
    title = {{Graphical Models, Exponential Families, and Variational Inference}},
    year = {2008},
    journal = {Foundations and Trends in Machine Learning},
    author = {Wainwright, Martin J and Jordan, Michael I},
    number = {1-2},
    pages = {1--305},
    volume = {1}
}

@inproceedings{Li2011GSSP,
    title = {{Graphical State Space Programming: A visual programming paradigm for robot task specification}},
    year = {2011},
    booktitle = {Proc. of the IEEE Int. Conf. on Robotics and Automation (ICRA '11)},
    author = {Li, Jimmy and Xu, Anqi and Dudek, Gregory},
    pages = {4846--4853}
}

@book{Hausdorff1914,
    title = {{Grundz{\"{u}}ge der Mengenlehre}},
    year = {1914},
    author = {Hausdorff, Felix}
}

@inproceedings{Wagstaff2013,
    title = {{Guiding Scientific Discovery with Explanations using DEMUD}},
    year = {2013},
    booktitle = {AAAI Conference on Artificial Intelligence},
    author = {Wagstaff, Kiri L and Lanza, Nina L and Thompson, David R and Dietterich, Thomas G and Gilmore, Martha S},
    pages = {7},
    url = {http://wkiri.com/research/papers/wagstaff-demud-13.pdf},
    keywords = {Technical Track}
}

@inproceedings{McAuley2013,
    title = {{Hidden factors and hidden topics}},
    year = {2013},
    booktitle = {Proceedings of the 7th ACM conference on Recommender systems - RecSys '13},
    author = {McAuley, Julian and Leskovec, Jure},
    pages = {165--172},
    publisher = {ACM Press},
    url = {http://dl.acm.org/citation.cfm?id=2507163 http://dl.acm.org/citation.cfm?doid=2507157.2507163},
    address = {New York, New York, USA},
    isbn = {9781450324090},
    doi = {10.1145/2507157.2507163},
    keywords = {recommender systems, topic models}
}

@article{Steinberg2015,
    title = {{Hierarchical Bayesian models for unsupervised scene understanding}},
    year = {2015},
    journal = {Computer Vision and Image Understanding},
    author = {Steinberg, Daniel M. and Pizarro, Oscar and Williams, Stefan B.},
    month = {2},
    pages = {128--144},
    volume = {131},
    url = {http://linkinghub.elsevier.com/retrieve/pii/S1077314214001313},
    doi = {10.1016/j.cviu.2014.06.004},
    issn = {10773142}
}

@article{Teh2010,
    title = {{Hierarchical Bayesian Nonparametric Models with Applications}},
    year = {2010},
    journal = {Bayesian nonparametrics},
    author = {Teh, Yee Whye and Jordan, Michael I.},
    pages = {158--207}
}

@article{Teh:2006:HDP,
    title = {{Hierarchical Dirichlet Processes}},
    year = {2006},
    journal = {Journal of the American Statistical Association},
    author = {Teh, Yee Whye and Jordan, Michael I and Beal, Matthew J and Blei, David M},
    number = {476},
    month = {12},
    pages = {1566--1581},
    volume = {101},
    url = {http://pubs.amstat.org/doi/abs/10.1198/016214506000000302},
    doi = {10.1198/016214506000000302},
    issn = {0162-1459},
    keywords = {BNP, HDP, LDA, clustering, hierarchical model, markov chain monte carlo, mixture model, nonparametric bayesian statistics, topic}
}

@article{Blei2004,
    title = {{Hierarchical topic models and the nested Chinese restaurant process}},
    year = {2004},
    journal = {Advances in neural information processing systems (NIPS)},
    author = {Blei, David M. and Griffiths, Thomas L. and Jordan, Michael I. and Tenenbaum, Joshua B.},
    pages = {106--114},
    volume = {16}
}

@book{Erdelyi1953,
    title = {{Higher transcendental functions}},
    year = {1953},
    author = {Erd{\'{e}}lyi, Arthur and Magnus, Wilhelm and Oberhettinger, Fritz and Tricomi, Francesco G and Bateman, Harry},
    number = {3},
    volume = {1},
    publisher = {McGraw-Hill New York}
}

@article{Frank2012,
    title = {{How hierarchical is language use?}},
    year = {2012},
    journal = {Proceedings of the Royal Society B: Biological Sciences},
    author = {Frank, S. L. and Bod, R. and Christiansen, M. H.},
    number = {September},
    month = {9},
    url = {http://rspb.royalsocietypublishing.org/cgi/doi/10.1098/rspb.2012.1741},
    doi = {10.1098/rspb.2012.1741},
    issn = {0962-8452},
    keywords = {cognitive neuroscience, computational linguistics, language evolution, language structure, psycholinguistics}
}

@article{Tenenbaum2011,
    title = {{How to grow a mind: statistics, structure, and abstraction.}},
    year = {2011},
    journal = {Science (New York, N.Y.)},
    author = {Tenenbaum, Joshua B and Kemp, Charles and Griffiths, Thomas L and Goodman, Noah D},
    number = {6022},
    month = {3},
    pages = {1279--85},
    volume = {331},
    url = {http://www.ncbi.nlm.nih.gov/pubmed/21393536},
    doi = {10.1126/science.1192788},
    issn = {1095-9203},
    pmid = {21393536},
    keywords = {Artificial Intelligence, Bayes Theorem, Cognition, Concept Formation, Humans, Knowledge, Learning, Models, Statistical, Theory of Mind, Thinking}
}

@inproceedings{Paul2012,
    title = {{How was your day? Online Visual Workspace Summaries using Incremental Clustering in Topic Space}},
    year = {2012},
    booktitle = {IEEE International Conference on Robotics and Automation (ICRA)},
    author = {Paul, Rohan and Rus, Daniela and Newman, Paul}
}

@inproceedings{Marthiniussen2004,
    title = {{HUGIN-AUV concept and operational experiences to date}},
    year = {2004},
    booktitle = {OCEANS '04. MTTS/IEEE TECHNO-OCEAN '04},
    author = {Marthiniussen, Roar and Vestgird, Karstein and Klepaker, Rolf Arne},
    pages = {846--850},
    isbn = {0780386698}
}

@article{Lake2015,
    title = {{Human-level concept learning through probabilistic program induction}},
    year = {2015},
    journal = {Science},
    author = {Lake, Brenden M. and Salakhutdinov, Ruslan and Tenenbaum, Joshua B.},
    number = {6266},
    month = {12},
    pages = {1332--1338},
    volume = {350},
    url = {http://www.sciencemag.org/cgi/doi/10.1126/science.aab3050},
    doi = {10.1126/science.aab3050},
    issn = {0036-8075}
}

@book{lamb1991hydrodynamics,
    title = {{Hydrodynamics}},
    year = {1991},
    author = {Lamb, H},
    publisher = {Dover publications},
    isbn = {9780486602561}
}

@misc{Sosik2016,
    title = {{IFCB-Analysis software system}},
    year = {2016},
    author = {Sosik, Heidi M. and Futrelle, Joe and Brownlee, Emily Fay and Peacock, Emily and Crockford, Taylor and Olson, Robert J.},
    url = {https://doi.org/10.5281/zenodo.153978},
    doi = {10.5281/zenodo.153978}
}

@incollection{Krizhevsky2012,
    title = {{ImageNet Classification with Deep Convolutional Neural Networks}},
    year = {2012},
    booktitle = {Advances in Neural Information Processing Systems 25},
    author = {Krizhevsky, Alex and Sutskever, Ilya and Hinton, Geoffrey E},
    editor = {Pereira, F and Burges, C J C and Bottou, L and Weinberger, K Q},
    pages = {1097--1105},
    publisher = {Curran Associates, Inc.},
    url = {http://papers.nips.cc/paper/4824-imagenet-classification-with-deep-convolutional-neural-networks.pdf}
}

@article{Singh2004,
    title = {{Imaging Coral I: Imaging Coral Habitats with the SeaBED AUV}},
    year = {2004},
    journal = {Subsurface Sensing Technologies and Applications},
    author = {Singh, Hanumant and Armstrong, Roy and Gilbes, Fernando and Eustice, Ryan and Roman, Chris and Pizarro, Oscar and Torres, Juan},
    number = {1},
    month = {1},
    pages = {25--42},
    volume = {5},
    url = {http://link.springer.com/10.1023/B:SSTA.0000018445.25977.f3},
    isbn = {5082893270},
    doi = {10.1023/B:SSTA.0000018445.25977.f3},
    issn = {1566-0184},
    keywords = {auv, coral, habitat, imaging}
}

@article{Hartley,
    title = {{In defence of the 8-point algorithm}},
    journal = {Proceedings of IEEE International Conference on Computer Vision},
    author = {Hartley, R.I.},
    pages = {1064--1070},
    publisher = {IEEE Comput. Soc. Press},
    url = {http://ieeexplore.ieee.org/lpdocs/epic03/wrapper.htm?arnumber=466816},
    isbn = {0-8186-7042-8},
    doi = {10.1109/ICCV.1995.466816}
}

@article{Hartley:PAMI:1997,
    title = {{In defense of the eight-point algorithm}},
    year = {1997},
    journal = {Pattern Analysis and Machine Intelligence, IEEE Transactions on},
    author = {Hartley, R I},
    number = {6},
    month = {6},
    pages = {580--593},
    volume = {19},
    doi = {10.1109/34.601246},
    issn = {0162-8828},
    keywords = {fundamental matrix, matrix algebra, noise, noise susceptibility, normalization, stereo image processingeight-point algorithm, stereo images, uncalibrated cameras}
}

@inproceedings{Charikar1997,
    title = {{Incremental clustering and dynamic information retrieval}},
    year = {1997},
    booktitle = {Proceedings of the twenty-ninth annual ACM symposium on Theory of computing - STOC '97},
    author = {Charikar, Moses and Chekuri, Chandra and Feder, Tomás and Motwani, Rajeev},
    month = {5},
    pages = {626--635},
    publisher = {ACM Press},
    url = {http://dl.acm.org/citation.cfm?id=258533.258657},
    address = {New York, New York, USA},
    isbn = {0897918886},
    doi = {10.1145/258533.258657}
}

@article{Deerwester:1990,
    title = {{Indexing by Latent Semantic Analysis}},
    year = {1990},
    journal = {Journal of the American Society of Information Science},
    author = {Deerwester, Scott C and Dumais, Susan T and Landauer, Thomas K and Furnas, George W and Harshman, Richard A},
    number = {6},
    pages = {391--407},
    volume = {41},
    keywords = {indexing, latent, semantic}
}

@article{Steyvers2003a,
    title = {{Inferring causal networks from observations and interventions}},
    year = {2003},
    journal = {Cognitive Science},
    author = {Steyvers, Mark and Tenenbaum, Joshua B. and Wagenmakers, Eric-Jan and Blum, Ben},
    number = {3},
    month = {6},
    pages = {453--489},
    volume = {27},
    url = {http://doi.wiley.com/10.1016/S0364-0213(03)00010-7},
    doi = {10.1016/S0364-0213(03)00010-7},
    issn = {03640213}
}

@techreport{Harris2015,
    title = {{Inferring species interactions from co-occurrence data with Markov networks}},
    year = {2015},
    author = {Harris, David J.},
    month = {5},
    url = {http://biorxiv.org/lookup/doi/10.1101/018861},
    doi = {10.1101/018861},
    keywords = {absence matrix, biogeography, ecological interactions, ising model, markov network, markov random field, null model, occurrence data, presence, species associations}
}

@inproceedings{Bourgault2002,
    title = {{Information based adaptive robotic exploration}},
    year = {2002},
    booktitle = {Intelligent Robots and Systems, 2002. IEEE/RSJ International Conference on},
    author = {Bourgault, Frederic and Makarenko, Alexei A and Williams, Stefan B and Grocholsky, Ben and Durrant-Whyte, Hugh F},
    pages = {540--545},
    url = {http://ieeexplore.ieee.org/xpls/abs{\_}all.jsp?arnumber=1041446}
}

@article{Stachniss2005,
    title = {{Information Gain-based Exploration Using Rao-Blackwellized Particle Filters.}},
    year = {2005},
    journal = {Robotics: Science and Systems},
    author = {Stachniss, Cyrill and Grisetti, G and Burgard, W},
    volume = {2},
    url = {http://pdf.aminer.org/000/685/672/information{\_}gain{\_}based{\_}exploration{\_}using{\_}rao{\_}blackwellized{\_}particle{\_}filters.pdf}
}

@book{Kullback:1959,
    title = {{Information theory and statistics}},
    year = {1959},
    author = {Kullback, Solomon},
    publisher = {John Wiley and Sons, NY}
}

@inproceedings{Thompson2008,
    title = {{Information-optimal selective data return for autonomous rover traverse science and survey}},
    year = {2008},
    booktitle = {2008 IEEE International Conference on Robotics and Automation},
    author = {Thompson, David R. and Smith, Trey and Wettergreen, David},
    month = {5},
    pages = {968--973},
    publisher = {IEEE},
    url = {http://ieeexplore.ieee.org/lpdocs/epic03/wrapper.htm?arnumber=4543330},
    isbn = {978-1-4244-1646-2},
    doi = {10.1109/ROBOT.2008.4543330}
}

@book{Cormen:book:2001,
    title = {{Introduction to Algorithms}},
    year = {2001},
    author = {Cormen, Thomas H and Leiserson, Charles E and Rivest, Ronald L and Stein, Clifford},
    publisher = {The MIT Press},
    address = {Cambridge, MA, USA}
}

@incollection{Trucco:1998:stereo,
    title = {{Introductory Techniques for 3D Computer Vision}},
    year = {1998},
    author = {Trucco, Emanuele and Verri, Alessandro},
    chapter = {7 Stereops},
    publisher = {Prentice Hal}
}

@article{Ballard2002,
    title = {{Iron Age Shipwrecks in Deep Water off Ashkelon, Israel}},
    year = {2002},
    journal = {American Journal of Archaeology},
    author = {Ballard, Robert D. and Stager, Lawrence E. and Master, Daniel and Yoerger, Dana and Mindell, David and Whitcomb, Louis L. and Singh, Hanumant and Piechota, Dennis},
    number = {2},
    month = {4},
    pages = {151},
    volume = {106},
    url = {http://www.jstor.org/stable/4126241?origin=crossref},
    doi = {10.2307/4126241},
    issn = {00029114}
}

@article{Kaess2011,
    title = {{iSAM2: Incremental smoothing and mapping using the Bayes tree}},
    year = {2011},
    journal = {The International Journal of Robotics Research},
    author = {Kaess, M. and Johannsson, H. and Roberts, R. and Ila, V. and Leonard, J. J. and Dellaert, F.},
    number = {2},
    month = {12},
    pages = {216--235},
    volume = {31},
    url = {http://ijr.sagepub.com/cgi/content/abstract/31/2/216},
    doi = {10.1177/0278364911430419},
    issn = {0278-3649}
}

@article{Blei:2003,
    title = {{Latent dirichlet allocation}},
    year = {2003},
    journal = {The Journal of Machine Learning Research},
    author = {Blei, David M. and Ng, Andrew Y. and Jordan, Michael I.},
    pages = {993--1022},
    volume = {3},
    publisher = {MIT Press Cambridge, MA, USA},
    keywords = {LDA, topic}
}

@inproceedings{Papadimitriou1998,
    title = {{Latent Semantic Indexing: A Probabilistic Analysis}},
    year = {1998},
    booktitle = {Proceedings of the seventeenth ACM SIGACT-SIGMOD-SIGART symposium on Principles of database systems},
    author = {Papadimitriou, Christos H and Tamaki, Hisao and Raghavan, Prabhakar and Vempala, Santosh},
    pages = {159--168},
    url = {http://dl.acm.org/citation.cfm?id=275505}
}

@misc{Kumar2014,
    title = {{Learning Compositional Sparse Models of Bimodal Percepts}},
    year = {2014},
    booktitle = {AAAI Conference on Artificial Intelligence},
    author = {Kumar, Suren and Dhiman, Vikas and Corso, JJ},
    url = {http://web.eecs.umich.edu/{\~{}}jjcorso/pubs/aaai2014{\_}kumar{\_}final.pdf},
    keywords = {Cognitive Systems}
}

@inproceedings{Kalmbach2016,
    title = {{Learning deep-sea substrate types with visual topic models}},
    year = {2016},
    booktitle = {2016 IEEE Winter Conference on Applications of Computer Vision (WACV)},
    author = {Kalmbach, Arnold and Hoeberechts, Maia and Albu, Alexandra Branzan and Glotin, Herve and Paris, Sebastien and Girdhar, Yogesh},
    month = {3},
    pages = {1--9},
    publisher = {IEEE},
    url = {http://ieeexplore.ieee.org/lpdocs/epic03/wrapper.htm?arnumber=7477600},
    isbn = {978-1-5090-0641-0},
    doi = {10.1109/WACV.2016.7477600}
}

@inproceedings{Sudderth2005,
    title = {{Learning hierarchical models of scenes, objects, and parts}},
    year = {2005},
    booktitle = {Proceedings of the IEEE International Conference on Computer Vision},
    author = {Sudderth, Erik B. and Torralba, Antonio and Freeman, William T. and Willsky, Alan S.},
    pages = {1331--1338},
    volume = {II},
    isbn = {076952334X},
    doi = {10.1109/ICCV.2005.137},
    issn = {1550-5499}
}

@article{McManus2015,
    title = {{Learning place-dependant features for long-term vision-based localisation}},
    year = {2015},
    journal = {Autonomous Robots},
    author = {McManus, Colin and Upcroft, Ben and Newman, Paul},
    number = {3},
    month = {10},
    pages = {363--387},
    volume = {39},
    url = {http://link.springer.com/10.1007/s10514-015-9463-y},
    doi = {10.1007/s10514-015-9463-y},
    issn = {0929-5593}
}

@book{Devroye:1986:Bucket,
    title = {{Lecture Notes on Bucket Algorithms}},
    year = {1986},
    author = {Devroye, Luc},
    publisher = {Birkh{\{}{\"{a}}{\}}user Verlag},
    address = {Boston}
}

@article{Deep:CVPR:2000,
    title = {{Local Appearance for Robust Object Recognition}},
    year = {2000},
    journal = {IEEE Computer Vision and Pattern Recognition (CVPR)},
    author = {Jugessur, Deeptiman and Dudek, Gregory},
    month = {6}
}

@article{Lee1991,
    title = {{Longitudinal Prediction of Specific Cognitive Abilities from Infant Novelty Preference}},
    year = {1991},
    journal = {Child Development},
    author = {Thompson, Lee A and Fagan, Joseph F and Fulker, David W},
    number = {3},
    pages = {530--538},
    volume = {62},
    publisher = {Blackwell Publishing Ltd},
    url = {http://dx.doi.org/10.1111/j.1467-8624.1991.tb01549.x},
    doi = {10.1111/j.1467-8624.1991.tb01549.x},
    issn = {1467-8624}
}

@inproceedings{Girdhar:IROS:2011,
    title = {{MARE: Marine Autonomous Robotic Explorer}},
    year = {2011},
    booktitle = {Proceedings of the 2011 IEEE/RSJ International Conference on Intelligent Robots and Systems (IROS)},
    author = {Girdhar, Yogesh and Xu, Anqi and Dey, Bir Bikram and Meghjani, Malika and Shkurti, Florian and Rekleitis, Ioannis and Dudek, Gregory},
    month = {9},
    pages = {5048 - 5053},
    url = {http://cim.mcgill.ca/{\~{}}yogesh/publications/iros2011.pdf},
    address = {San Francisco, USA},
    doi = {10.1109/IROS.2011.6094914}
}

@article{Neal:2000,
    title = {{Markov Chain Sampling Methods for Dirichlet Process Mixture Models}},
    year = {2000},
    journal = {Journal of Computational and Graphical Statistics},
    author = {Neal, Radford M},
    number = {2},
    pages = {249--265},
    volume = {9},
    publisher = {American Statistical Association, Institute of Mathematical Statistics, and Interface Foundation of America},
    url = {http://www.jstor.org/stable/1390653},
    issn = {10618600}
}

@book{Levin:2009:markovmixing,
    title = {{Markov Chains and Mixing Times}},
    year = {2008},
    author = {Levin, David A and Peres, Yuval and Wilmer, Elizabeth L},
    publisher = {American Mathematical Society},
    keywords = {MCMC, mixingtime}
}

@article{Grotzinger2012,
    title = {{Mars Science Laboratory Mission and Science Investigation}},
    year = {2012},
    journal = {Space Science Reviews},
    author = {Grotzinger, John P. and Crisp, Joy and Vasavada, Ashwin R. and Anderson, Robert C. and Baker, Charles J. and Barry, Robert and Blake, David F. and Conrad, Pamela and Edgett, Kenneth S. and Ferdowski, Bobak and Gellert, Ralf and Gilbert, John B. and Golombek, Matt and G{\'{o}}mez-Elvira, Javier and Hassler, Donald M. and Jandura, Louise and Litvak, Maxim and Mahaffy, Paul and Maki, Justin and Meyer, Michael and Malin, Michael C. and Mitrofanov, Igor and Simmonds, John J. and Vaniman, David and Welch, Richard V. and Wiens, Roger C.},
    number = {1-4},
    month = {7},
    pages = {5--56},
    volume = {170},
    url = {http://link.springer.com/10.1007/s11214-012-9892-2},
    isbn = {1121401298922},
    doi = {10.1007/s11214-012-9892-2},
    issn = {0038-6308}
}

@article{Silver2016,
    title = {{Mastering the game of Go with deep neural networks and tree search}},
    year = {2016},
    journal = {Nature},
    author = {Silver, David and Huang, Aja and Maddison, Chris J. and Guez, Arthur and Sifre, Laurent and van den Driessche, George and Schrittwieser, Julian and Antonoglou, Ioannis and Panneershelvam, Veda and Lanctot, Marc and Dieleman, Sander and Grewe, Dominik and Nham, John and Kalchbrenner, Nal and Sutskever, Ilya and Lillicrap, Timothy and Leach, Madeleine and Kavukcuoglu, Koray and Graepel, Thore and Hassabis, Demis},
    number = {7587},
    month = {1},
    pages = {484--489},
    volume = {529},
    url = {http://www.nature.com/doifinder/10.1038/nature16961},
    doi = {10.1038/nature16961},
    issn = {0028-0836}
}

@article{Edmonds1973CPP,
    title = {{Matching, Euler tours and the Chinese postman}},
    year = {1973},
    journal = {Mathematical Programming},
    author = {Edmonds, Jack and Johnson, Ellis L},
    pages = {88--124},
    volume = {5}
}

@inproceedings{Babaioff:SODA:2007,
    title = {{Matroids, secretary problems, and online mechanisms}},
    year = {2007},
    booktitle = {SODA '07: Proceedings of the eighteenth annual ACM-SIAM symposium on Discrete algorithms},
    author = {Babaioff, Moshe and Immorlica, Nicole and Kleinberg, Robert},
    pages = {434--443},
    publisher = {Society for Industrial and Applied Mathematics},
    address = {Philadelphia, PA, USA},
    isbn = {978-0-898716-24-5}
}

@techreport{Huang:TR,
    title = {{Maximum Likelihood Estimation of Dirichlet Distribution Parameters}},
    author = {Huang, Jonathan},
    keywords = {BNP, Dirichlet, MLE}
}

@incollection{Armstrong2012,
    title = {{Mesophotic coral reefs of the Puerto Rico Shelf}},
    year = {2012},
    booktitle = {Seafloor Geomorphology as Benthic Habitat: GeoHab Atlas of Seafloor Geomorphic Features and Benthic Habitats},
    author = {Armstrong, Roy A and Singh, Hanumant},
    chapter = {24},
    pages = {365--374}
}

@article{Antoniak1974,
    title = {{Mixtures of Dirichlet Processes with Applications to Bayesian Nonparametric Problems}},
    year = {1974},
    journal = {The Annals of Statistics},
    author = {Antoniak, Charles E.},
    number = {6},
    month = {11},
    pages = {1152--1174},
    volume = {2},
    url = {http://projecteuclid.org/euclid.aos/1176342871},
    issn = {0090-5364},
    keywords = {Bayes, Dirichlet process, bio-assay, discrimination, empirical Bayes, mixing distribution, nonparametric, random measures},
    language = {EN}
}

@article{manleymobile,
    title = {{Mobile unmanned systems on, over, and under the sea}},
    journal = {Earth Observations},
    author = {Manley, J E},
    number = {3},
    pages = {17--21},
    volume = {5},
    publisher = {Noblis}
}

@phdthesis{Plamondon2010,
    title = {{Modeling and control of a biomimetic underwater vehicletle}},
    year = {2010},
    author = {Plamondon, Nicolas},
    school = {McGill University}
}

@inproceedings{Song2005,
    title = {{Modeling and predicting personal information dissemination behavior}},
    year = {2005},
    booktitle = {Proceeding of the eleventh ACM SIGKDD international conference on Knowledge discovery in data mining - KDD '05},
    author = {Song, Xiaodan and Lin, Ching-Yung and Tseng, Belle L. and Sun, Ming-Ting},
    month = {8},
    pages = {479},
    publisher = {ACM Press},
    url = {http://dl.acm.org/citation.cfm?id=1081870.1081925},
    address = {New York, New York, USA},
    isbn = {159593135X},
    doi = {10.1145/1081870.1081925},
    keywords = {information dissemination, personal information management, user behavior modeling}
}

@article{Girdhar2015a,
    title = {{Modeling curiosity in a mobile robot for long-term autonomous exploration and monitoring}},
    year = {2016},
    journal = {Autonomous Robots},
    author = {Girdhar, Yogesh and Dudek, Gregory},
    number = {7},
    month = {10},
    pages = {1267--1278},
    volume = {40},
    url = {http://link.springer.com/10.1007/s10514-015-9500-x http://cim.mcgill.ca/mrl/girdhar/rost/aqua{\_}curiosity.mp4},
    doi = {10.1007/s10514-015-9500-x},
    issn = {0929-5593},
    keywords = {Autonomous exploration, Long-term autonomy, Marine robotics, Topic modeling}
}

@article{Snavely2007,
    title = {{Modeling the World from Internet Photo Collections}},
    year = {2007},
    journal = {International Journal of Computer Vision},
    author = {Snavely, Noah and Seitz, Steven M. and Szeliski, Richard},
    number = {2},
    month = {12},
    pages = {189--210},
    volume = {80},
    url = {http://www.springerlink.com/index/10.1007/s11263-007-0107-3},
    doi = {10.1007/s11263-007-0107-3},
    issn = {0920-5691},
    keywords = {3d navigation, 3d scene analysis, internet imagery, photo browsers, structure from motion}
}

@article{Snavely:IJCV:2008,
    title = {{Modeling the World from {\{}Internet{\}} Photo Collections}},
    year = {2008},
    journal = {International Journal of Computer Vision},
    author = {Snavely, N and Seitz, S M and Szeliski, R},
    number = {2},
    month = {11},
    pages = {189--210},
    volume = {80},
    url = {http://phototour.cs.washington.edu/},
    keywords = {3D reconstruction, image-based rendering, view morphing}
}

@article{Tsotsos:1995,
    title = {{Modeling visual attention via selective tuning}},
    year = {1995},
    journal = {Artificial Intelligence},
    author = {Tsotsos, John K and Culhane, Scan M and Wai, Winky Yan Kei and Lai, Yuzhong and Davis, Neal and Nuflo, Fernando},
    number = {1-2},
    pages = {507--545},
    volume = {78},
    url = {http://www.sciencedirect.com/science/article/B6TYF-4031CCJ-J/2/c59f63a56f24bd1a0b14e199778f33f6},
    doi = {DOI: 10.1016/0004-3702(95)00025-9},
    issn = {0004-3702}
}

@inproceedings{Madsen:ICML:2005,
    title = {{Modeling word burstiness using the Dirichlet distribution}},
    year = {2005},
    booktitle = {Proceedings of the 22nd international conference on Machine learning},
    author = {Madsen, R.E. E and Kauchak, David and Elkan, Charles},
    pages = {545–552},
    publisher = {ACM},
    url = {http://dl.acm.org/citation.cfm?id=1102351.1102420},
    organization = {ACM}
}

@book{Yates:ACM:1999,
    title = {{Modern Information Retrieval}},
    year = {1999},
    author = {Baeza-Yates, Ricardo and Ribeiro-Neto, Berthier},
    publisher = {ACM Press / Addison-Wesley}
}

@inproceedings{Sibenac2001,
    title = {{Modutar AUV for Routine Deep Water Science Operations}},
    year = {2001},
    booktitle = {OCEANS '02 MTS/IEEE},
    author = {Sibenac, Mark and Kirkwood, William J and Mcewen, Robert and Shane, Farley and Henthom, Richard},
    pages = {167--172},
    isbn = {0780375343}
}

@article{Armstrong2008,
    title = {{Monitoring coral reefs in optically-deep waters}},
    year = {2008},
    journal = {Proceedings of the 11th Int Coral Reef Symposium},
    author = {Armstrong, R.A and Singh, H and Rivero, S and Gilbes, F},
    number = {17},
    pages = {7--11},
    url = {http://www.gers.uprm.edu/pdfs/armstrong{\_}etal{\_}08.pdf},
    keywords = {mesophotic reefs, optically-deep waters, puerto rico, seabed auv}
}

@inproceedings{Girdhar:WREM:2012,
    title = {{Monitoring Marine Environments using a Team of Heterogeneous Robots}},
    year = {2012},
    booktitle = {RSS 2012 Workshop on Robotics for Environmental Monitoring},
    author = {Girdhar, Yogesh and Xu, Anqi and Shkurti, Florian and Camilo, Juan and Higuera, Gamboa and Meghjani, Malika and Giguere, Philippe and Rekleitis, Ioannis and Dudek, Gregory},
    url = {http://cim.mcgill.ca/{\~{}}yogesh/publications/wrem2012.pdf}
}

@inproceedings{Dellaert:ICRA:1999,
    title = {{Monte Carlo Localization for Mobile Robots}},
    year = {1999},
    booktitle = {IEEE International Conference on Robotics and Automation (ICRA)},
    author = {Dellaert, Frank and Fox, Dieter and Burgard, Wolfram and Thrun, Sebastian},
    month = {5}
}

@article{Mittal2004,
    title = {{Motion-based background subtraction using adaptive kernel density estimation}},
    year = {2004},
    journal = {Computer Vision and Pattern Recognition},
    author = {Mittal, Anurag and Paragios, Nikos},
    pages = {302--309},
    volume = {2},
    url = {http://ieeexplore.ieee.org/xpl/freeabs{\_}all.jsp?arnumber=1315179},
    isbn = {0-7695-2158-4},
    doi = {10.1109/CVPR.2004.1315179}
}

@article{Zhou2010,
    title = {{Movie genre classification via scene categorization}},
    year = {2010},
    journal = {Proceedings of the international conference on Multimedia - MM '10},
    author = {Zhou, Howard and Hermans, Tucker and Karandikar, Asmita V. and Rehg, James M.},
    pages = {747},
    publisher = {ACM Press},
    url = {http://dl.acm.org/citation.cfm?doid=1873951.1874068},
    address = {New York, New York, USA},
    isbn = {9781605589336},
    doi = {10.1145/1873951.1874068},
    keywords = {bow, film, genre, movie}
}

@inproceedings{Shkurti2012,
    title = {{Multi-Domain Monitoring of Marine Environments using a Heterogeneous Robot Team}},
    year = {2012},
    booktitle = {Intelligent Robots and Systems (IROS)},
    author = {Shkurti, Florian and Xu, Anqi and Meghjani, Malika and Higuera, Juan Camilo Gamboa and Girdhar, Yogesh and Giguere, Philippe and Dey, Bir Bikram and Li, Jimmy and Kalmbach, Arnold and Prahacs, Chris and Turgeon, Katrine and Rekleitis, Ioannis and Dudek, Gregory},
    pages = {1747--1753},
    url = {http://www.cim.mcgill.ca/{\~{}}yogesh/publications/iros2012.pdf},
    doi = {10.1109/IROS.2012.6385685}
}

@inproceedings{Cadena2016,
    title = {{Multi-modal Auto-Encoders as Joint Estimators for Robotics Scene Understanding}},
    year = {2016},
    booktitle = {Robotics: Science and Systems XII},
    author = {Cadena, Cesar and Dick, Anthony and D. Reid, Ian},
    month = {6},
    publisher = {Robotics: Science and Systems Foundation},
    url = {http://www.roboticsproceedings.org/rss12/p41.pdf},
    isbn = {9780992374723},
    doi = {10.15607/RSS.2016.XII.041}
}

@inproceedings{Meghjani2012,
    title = {{Multi-robot exploration and rendezvous on graphs}},
    year = {2012},
    booktitle = {2012 IEEE/RSJ International Conference on Intelligent Robots and Systems},
    author = {Meghjani, Malika and Dudek, Gregory},
    month = {10},
    pages = {5270--5276},
    publisher = {IEEE},
    url = {http://ieeexplore.ieee.org/lpdocs/epic03/wrapper.htm?arnumber=6386049},
    isbn = {978-1-4673-1736-8},
    doi = {10.1109/IROS.2012.6386049}
}

@inproceedings{Rao2016,
    title = {{Multimodal information-theoretic measures for autonomous exploration}},
    year = {2016},
    booktitle = {2016 IEEE International Conference on Robotics and Automation (ICRA)},
    author = {Rao, Dushyant and Bender, Asher and Williams, Stefan B. and Pizarro, Oscar},
    month = {5},
    pages = {4230--4237},
    publisher = {IEEE},
    url = {http://ieeexplore.ieee.org/lpdocs/epic03/wrapper.htm?arnumber=7487618},
    isbn = {978-1-4673-8026-3},
    doi = {10.1109/ICRA.2016.7487618}
}

@inproceedings{manley2004multiple,
    title = {{Multiple AUV missions in the national oceanic and atmospheric administration}},
    year = {2004},
    booktitle = {Proc. of the 2004 IEEE/OES Workshop on Autonomous Underwater Vehicles},
    author = {Manley, J E},
    pages = {20--25}
}

@book{Hartley:2003,
    title = {{Multiple View Geometry in computer vision}},
    year = {2003},
    author = {Hartley, Richard and Zisserman, Andrew},
    publisher = {Cambridge University Press}
}

@article{Zhou2010b,
    title = {{Musical genre classification: Is it worth pursuing and how can it be improved?}},
    year = {2006},
    journal = {ISMIR},
    author = {McKay, C and Fujinaga, Ichiro},
    url = {http://www.music.mcgill.ca/{\~{}}cmckay/papers/musictech/ISMIR{\_}2006{\_}Genre.pdf},
    keywords = {classification, genre, improvements, music}
}

@article{Newman2009,
    title = {{Navigating, Recognizing and Describing Urban Spaces With Vision and Lasers}},
    year = {2009},
    journal = {The International Journal of Robotics Research},
    author = {Newman, Paul and Sibley, Gabe and Smith, Mike and Cummins, Mark and Harrison, Alastair and Mei, Chris and Posner, Ingmar and Shade, Robbie and Schroeter, Derik and Murphy, Liz and Churchill, Winston and Cole, Dave and Reid, Ian},
    number = {11-12},
    month = {7},
    pages = {1406--1433},
    volume = {28},
    url = {http://ijr.sagepub.com/cgi/doi/10.1177/0278364909341483},
    doi = {10.1177/0278364909341483},
    issn = {0278-3649},
    keywords = {fabmap, ing, laser, loop closure, mapping, mobile robotics, navigation, semantic label-, slam, stereo, systems, topological navigation, vision, visual odometry}
}

@inproceedings{benjamin2006navigation,
    title = {{Navigation of unmanned marine vehicles in accordance with the rules of the road}},
    year = {2006},
    booktitle = {Proc. of the IEEE Int. Conf. on Robotics and Automation (ICRA '06)},
    author = {Benjamin, M R and Curcio, J A and Newman, P M},
    pages = {3581--3587}
}

@inproceedings{Dey2013,
    title = {{Ninja legs: Amphibious one degree of freedom robotic legs}},
    year = {2013},
    booktitle = {2013 IEEE/RSJ International Conference on Intelligent Robots and Systems},
    author = {Dey, Bir Bikram and Manjanna, Sandeep and Dudek, Gregory},
    month = {11},
    pages = {5622--5628},
    publisher = {IEEE},
    url = {http://ieeexplore.ieee.org/lpdocs/epic03/wrapper.htm?arnumber=6697171},
    isbn = {978-1-4673-6358-7},
    doi = {10.1109/IROS.2013.6697171}
}

@article{Elgammal2000,
    title = {{Non-parametric model for background subtraction}},
    year = {2000},
    journal = {Computer Vision—ECCV 2000},
    author = {Elgammal, Ahmed and Harwood, David and Davis, Larry},
    pages = {751--767},
    volume = {1843},
    url = {http://www.springerlink.com/index/3mcvhnwfa8bj4ln5.pdf{\textbackslash}nhttp://link.springer.com/chapter/10.1007/3-540-45053-X{\_}48},
    isbn = {3540676864},
    doi = {10.1007/3-540-45053},
    keywords = {active real time, motion detection, non parametric estimation, shadow detection, vision, visual motion, visual surveillance}
}

@book{Devroye:1986:NURVG,
    title = {{Non-Uniform Random Variate Generation}},
    year = {1986},
    author = {Devroye, Luc},
    publisher = {Springer-Verlag},
    address = {New York}
}

@book{Schmeiser1988,
    title = {{Non-Uniform Random Variate Generation.}},
    year = {1988},
    booktitle = {Journal of the American Statistical Association},
    author = {Schmeiser, Bruce and Devroye, Luc},
    number = {403},
    month = {9},
    pages = {906},
    volume = {83},
    url = {http://www.jstor.org/stable/2289328?origin=crossref},
    isbn = {0387963057},
    doi = {10.2307/2289328},
    issn = {01621459}
}

@book{Devroye:1985:NDE,
    title = {{Nonparametric Density Estimation: The L1 View}},
    year = {1985},
    author = {Devroye, Luc and Gy{\"{o}}rfi, László},
    publisher = {John Wiley},
    address = {New York}
}

@inproceedings{Winn2005,
    title = {{Object categorization by learned universal visual dictionary}},
    year = {2005},
    booktitle = {Tenth IEEE International Conference on Computer Vision (ICCV'05) Volume 1},
    author = {Winn, J. and Criminisi, A. and Minka, T.},
    pages = {1800--1807},
    publisher = {Ieee},
    url = {http://ieeexplore.ieee.org/lpdocs/epic03/wrapper.htm?arnumber=1544935},
    isbn = {0-7695-2334-X},
    doi = {10.1109/ICCV.2005.171}
}

@article{Felzenszwalb2009,
    title = {{Object Detection with Discriminatively Trained Part Based Models}},
    year = {2009},
    journal = {IEEE Transactions on Pattern Analysis and Machine Intelligence},
    author = {Felzenszwalb, Pedro F and Girshick, Ross B and Mcallester, David and Ramanan, Deva},
    pages = {1--20},
    doi = {10.1109/TPAMI.2009.167},
    issn = {1939-3539},
    pmid = {20634557}
}

@inproceedings{Girdhar:ICRA:2011,
    title = {{Offline Navigation Summaries}},
    year = {2011},
    booktitle = {IEEE International Conference on Robotics and Automation (ICRA)},
    author = {Girdhar, Yogesh and Dudek, Gregory},
    month = {5},
    pages = {5769--5775},
    url = {http://cim.mcgill.ca/{\~{}}yogesh/publications/icra2011.pdf},
    doi = {10.1109/ICRA.2011.5980094}
}

@inproceedings{Ng:2001:NIPS,
    title = {{On Spectral Clustering: Analysis and an algorithm}},
    year = {2001},
    booktitle = {Advances in Neural Information Processing Systems 14},
    author = {Ng, Andrew Y and Jordan, Michael I and Weiss, Yair},
    pages = {849--856},
    volume = {14},
    url = {http://citeseerx.ist.psu.edu/viewdoc/summary?doi=10.1.1.19.8100},
    keywords = {clustering, spectral}
}

@article{Ng2002,
    title = {{On Spectral Clustering: Analysis and an algorithm}},
    year = {2002},
    journal = {Advances in neural information processing systems},
    author = {Ng, A.Y. and Jordan, M.I. and Weiss, Y.},
    pages = {849–856},
    volume = {2},
    publisher = {MIT; 1998},
    url = {http://books.google.com/books?hl=en{\&}amp;lr={\&}amp;id=GbC8cqxGR7YC{\&}amp;oi=fnd{\&}amp;pg=PA849{\&}amp;dq=On+Spectral+Clustering:+Analysis+and+an+algorithm{\&}amp;ots=ZvK-K75ws2{\&}amp;sig=LxQBUf6mOXSpfbmV{\_}t7n5QoXmGI}
}

@article{Bourque:2000,
    title = {{On the Automated Construction of Image-Based Maps}},
    year = {2000},
    journal = {Autonomous Robots},
    author = {Bourque, Eric and Dudek, Gregory},
    number = {2},
    month = {4},
    pages = {173--190},
    volume = {8},
    doi = {10.1023/A:1008939729190}
}

@article{Erdos1960,
    title = {{On the evolution of random graphs}},
    year = {1960},
    journal = {Publications of the Mathematical Institute of the Hungarian Academy of Sciences},
    author = {Erdos, Paul and Renyi, Alfred},
    pages = {17--61},
    volume = {5}
}

@misc{Gallimore,
    title = {{onetworedblue: A tool for identifiying and counting benthic organisms in bottom photographs}},
    author = {Gallimore, Eric and Singh, Hanumant},
    url = {https://pypi.python.org/pypi/onetworedblue/0.1.1}
}

@article{Babaioff:SIGE:2008,
    title = {{Online auctions and generalized secretary problems}},
    year = {2008},
    journal = {SIGecom Exch.},
    author = {Babaioff, Moshe and Immorlica, Nicole and Kempe, David and Kleinberg, Robert},
    number = {2},
    pages = {1--11},
    volume = {7},
    publisher = {ACM},
    address = {New York, NY, USA},
    doi = {http://doi.acm.org/10.1145/1399589.1399596},
    issn = {1551-9031}
}

@inproceedings{sim2004online,
    title = {{Online control policy optimization for minimizing map uncertainty during exploration}},
    year = {2004},
    booktitle = {Robotics and Automation, 2004. Proceedings. ICRA'04. 2004 IEEE International Conference on},
    author = {Sim, Robert and Dudek, Gregory and Roy, Nicholas},
    pages = {1758--1763},
    volume = {2},
    organization = {IEEE}
}

@article{Posner2008,
    title = {{Online generation of scene descriptions in urban environments}},
    year = {2008},
    journal = {Robotics and Autonomous Systems},
    author = {Posner, Ingmar and Schroeter, Derik and Newman, Paul},
    number = {11},
    month = {11},
    pages = {901--914},
    volume = {56},
    publisher = {Elsevier B.V.},
    url = {http://linkinghub.elsevier.com/retrieve/pii/S0921889008001139},
    doi = {10.1016/j.robot.2008.08.009},
    issn = {09218890}
}

@article{Canini2009,
    title = {{Online Inference of Topics with Latent Dirichlet Allocation}},
    year = {2009},
    journal = {Proceedings of the International Conference on Artificial Intelligence and Statistics},
    author = {Canini, Kevin R and Shi, Lei and Griffiths, Thomas L},
    editor = {Van Dyk, David and Welling, Max},
    number = {1999},
    pages = {65--72},
    volume = {5},
    publisher = {AISTATS},
    issn = {08912017}
}

@inproceedings{Hoffman2010,
    title = {{Online Learning for Latent Dirichlet Allocation}},
    year = {2010},
    booktitle = {Advances in Neural Information Processing Systems},
    author = {Hoffman, M D and Blei, David M and Bach, Francis},
    editor = {Lafferty, J and Williams, C K I and Shawe-Taylor, J and Zemel, R S and Culotta, A},
    pages = {856--864},
    volume = {23},
    url = {http://books.nips.cc/papers/files/nips23/NIPS2010{\_}1291.pdf}
}

@inproceedings{Girdhar:ICRA:2010,
    title = {{Online Navigation Summaries}},
    year = {2010},
    booktitle = {IEEE International Conference on Robotics and Automation (ICRA)},
    author = {Girdhar, Yogesh and Dudek, Gregory},
    month = {5},
    pages = {5035--5040},
    url = {http://cim.mcgill.ca/{\~{}}yogesh/publications/icra2010.pdf},
    doi = {10.1109/ROBOT.2010.5509464}
}

@inproceedings{Girdhar:CRV:2011,
    title = {{Online Visual Vocabularies}},
    year = {2011},
    booktitle = {CRV '11: Proceedings of the 2011 Canadian Conference on Computer and Robot Vision},
    author = {Girdhar, Yogesh and Dudek, Gregory},
    month = {5},
    pages = {191--196},
    publisher = {IEEE Computer Society},
    url = {http://cim.mcgill.ca/{\~{}}yogesh/publications/crv2011.pdf},
    doi = {10.1109/CRV.2011.32}
}

@inproceedings{Girdhar:IROS:2010,
    title = {{ONSUM: A System for Generating Online Navigation Summaries}},
    year = {2010},
    booktitle = {Proceedings of the IEEE/RSJ International Conference on Intelligent Robots and Systems, (IROS)},
    author = {Girdhar, Yogesh and Dudek, Gregory},
    month = {10},
    pages = {746--751},
    url = {http://cim.mcgill.ca/{\~{}}yogesh/publications/iros2010.pdf},
    doi = {10.1109/IROS.2010.5650315}
}

@inproceedings{Xu2011UAVCoverage,
    title = {{Optimal complete terrain coverage using an Unmanned Aerial Vehicle}},
    year = {2011},
    booktitle = {2011 IEEE International Conference on Robotics and Automation},
    author = {Xu, Anqi and Viriyasuthee, Chatavut and Rekleitis, Ioannis},
    month = {5},
    pages = {2513--2519},
    publisher = {IEEE},
    url = {http://ieeexplore.ieee.org/lpdocs/epic03/wrapper.htm?arnumber=5979707},
    isbn = {978-1-61284-386-5},
    doi = {10.1109/ICRA.2011.5979707}
}

@inproceedings{Mannadiar2010,
    title = {{Optimal coverage of a known arbitrary environment}},
    year = {2010},
    booktitle = {2010 IEEE International Conference on Robotics and Automation},
    author = {Mannadiar, Raphael and Rekleitis, Ioannis},
    month = {5},
    pages = {5525--5530},
    publisher = {IEEE},
    url = {http://ieeexplore.ieee.org/lpdocs/epic03/wrapper.htm?arnumber=5509860},
    isbn = {978-1-4244-5038-1},
    doi = {10.1109/ROBOT.2010.5509860}
}

@inproceedings{Girdhar:CRV:2009,
    title = {{Optimal Online Data Sampling or How to Hire the Best Secretaries}},
    year = {2009},
    booktitle = {CRV '09: Proceedings of the 2009 Canadian Conference on Computer and Robot Vision},
    author = {Girdhar, Yogesh and Dudek, Gregory},
    month = {5},
    pages = {292--298},
    publisher = {IEEE Computer Society},
    url = {http://cim.mcgill.ca/{\~{}}yogesh/publications/crv2009.pdf},
    address = {Kelowna, British Columbia},
    doi = {10.1109/CRV.2009.30}
}

@article{Binney2013,
    title = {{Optimizing waypoints for monitoring spatiotemporal phenomena}},
    year = {2013},
    journal = {The International Journal of Robotics Research},
    author = {Binney, Jonathan and Krause, Andreas and Sukhatme, Gaurav S.},
    number = {8},
    month = {7},
    pages = {873--888},
    volume = {32},
    url = {http://ijr.sagepub.com/cgi/doi/10.1177/0278364913488427},
    doi = {10.1177/0278364913488427},
    issn = {0278-3649},
    keywords = {mapping, marine robotics, sensor networks}
}

@inproceedings{RubleeE2011,
    title = {{ORB: An efficient alternative to SIFT or SURF}},
    year = {2011},
    booktitle = {2011 International Conference on Computer Vision},
    author = {Rublee, Ethan and Rabaud, Vincent and Konolige, Kurt and Bradski, Gary},
    month = {11},
    pages = {2564--2571},
    publisher = {IEEE},
    url = {http://ieeexplore.ieee.org/lpdocs/epic03/wrapper.htm?arnumber=6126544},
    address = {Barcelona},
    isbn = {978-1-4577-1102-2},
    doi = {10.1109/ICCV.2011.6126544}
}

@techreport{Heinrich:2009,
    title = {{Parameter estimation for text analysis}},
    year = {2009},
    author = {Heinrich, Gregor},
    month = {9},
    institution = {Fraunhofer IGD},
    keywords = {Gibbs, LDA, topic}
}

@incollection{Kaufman2008,
    title = {{Partitioning Around Medoids (Program PAM)}},
    year = {2008},
    booktitle = {Finding Groups in Data},
    author = {Kaufman, Leonard and Rousseeuw, Peter J.},
    pages = {68--125},
    publisher = {John Wiley {\&} Sons, Inc.},
    doi = {10.1002/9780470316801.ch2}
}

@article{Smith2011,
    title = {{Persistent Ocean Monitoring with Underwater Gliders: Adapting Sampling Resolution}},
    year = {2011},
    journal = {Journal of Field Robotics},
    author = {Smith, Ryan N. and Schwager, Mac and Smith, Stephen L. and Jones, Burton H. and Rus, Daniela and Sukhatme, Gaurav S.},
    number = {5},
    pages = {714--741},
    volume = {28},
    doi = {10.1002/rob}
}

@book{Plato,
    title = {{Phaedo}},
    year = {360},
    author = {{Plato}}
}

@incollection{Luo:ECCV:2008,
    title = {{Photo and Video Quality Evaluation: Focusing on the Subject}},
    year = {2008},
    booktitle = {Computer Vision -- ECCV 2008},
    author = {Luo, Yiwen and Tang, Xiaoou},
    editor = {Forsyth, David and Torr, Philip and Zisserman, Andrew},
    pages = {386--399},
    series = {Lecture Notes in Computer Science},
    volume = {5304},
    publisher = {Springer Berlin / Heidelberg},
    url = {http://dx.doi.org/10.1007/978-3-540-88690-7{\_}29},
    keywords = {photography}
}

@inproceedings{Snavely:SIGGRAPH:2006,
    title = {{Photo tourism: Exploring photo collections in 3D}},
    year = {2006},
    booktitle = {SIGGRAPH Conference Proceedings},
    author = {Snavely, Noah and Seitz, Steven M and Szeliski, Richard},
    pages = {835--846},
    publisher = {ACM Press},
    address = {New York, NY, USA},
    isbn = {1-59593-364-6}
}

@article{Hunter1948,
    title = {{Photoelectric Color-Difference Meter}},
    year = {1948},
    journal = {Journal of the Optical Society of America (JOSA)},
    author = {Hunter, Richard Sewall},
    number = {7},
    pages = {661},
    volume = {38}
}

@inproceedings{Kalmbach2017,
    title = {{Phytoplankton Hotspot Prediction Using an Unsupervised Spatial Community Mode}},
    year = {2017},
    booktitle = {(accepted to) IEEE International Conference on Robotics and Automation},
    author = {Kalmbach, Arnold and Girdhar, Yogesh and Sosik, Heidi and Dudek, Gregory}
}

@article{Mnih2013,
    title = {{Playing Atari with Deep Reinforcement Learning}},
    year = {2013},
    author = {Mnih, Volodymyr and Kavukcuoglu, Koray and Silver, David and Graves, Alex and Antonoglou, Ioannis and Wierstra, Daan and Riedmiller, Martin},
    month = {12},
    url = {http://arxiv.org/abs/1312.5602},
    arxivId = {1312.5602}
}

@inproceedings{Cummins:ICRA:2007,
    title = {{Probabilistic Appearance Based Navigation and Loop Closing}},
    year = {2007},
    booktitle = {Proc. {\{}IEEE{\}} International Conference on Robotics and Automation {\{}(ICRA'07){\}}},
    author = {Cummins, Mark and Newman, Paul},
    month = {4},
    address = {Rome}
}

@article{Blei2012,
    title = {{Probabilistic topic models}},
    year = {2012},
    journal = {Communications of the ACM},
    author = {Blei, David M},
    number = {4},
    month = {4},
    pages = {77},
    volume = {55},
    url = {http://dl.acm.org/citation.cfm?doid=2133806.2133826},
    doi = {10.1145/2133806.2133826},
    issn = {00010782}
}

@article{Seif-Eddeine2011,
    title = {{Problems and controversies in status epilepticus: a review and recommendations.}},
    year = {2011},
    journal = {Expert review of neurotherapeutics},
    author = {Seif-Eddeine, Hussam and Treiman, David M},
    number = {12},
    month = {12},
    pages = {1747--58},
    volume = {11},
    url = {http://www.ncbi.nlm.nih.gov/pubmed/22095358},
    doi = {10.1586/ern.11.160},
    issn = {1744-8360},
    pmid = {22091598}
}

@article{Fischler:ACM:1981,
    title = {{Random sample consensus: a paradigm for model fitting with applications to image analysis and automated cartography}},
    year = {1981},
    journal = {Communications of the ACM},
    author = {Fischler, Martin A and Bolles, Robert C},
    number = {6},
    volume = {26}
}

@book{Kendall:1955,
    title = {{Rank Correlation Methods}},
    year = {1955},
    author = {Kendall, M G},
    publisher = {Hafner Publishing Co., NY}
}

@techreport{Lavalle1998,
    title = {{Rapidly-Exploring Random Trees: A New Tool for Path Planning}},
    year = {1998},
    author = {Lavalle, Steven M}
}

@inproceedings{Chang2009,
    title = {{Reading Tea Leaves: How Humans Interpret Topic Models.}},
    year = {2009},
    booktitle = {NIPS},
    author = {Chang, Jonathan and Boyd-Graber, Jordan and Gerrish, Sean and Wang, Chong and Blei, David M.},
    pages = {1--9},
    url = {https://papers.nips.cc/paper/3700-reading-tea-leaves-how-humans-interpret-topic-models.pdf}
}

@incollection{Karp:1972,
    title = {{Reducibility Among Combinatorial Problems}},
    year = {1972},
    booktitle = {Complexity of Computer Computations},
    author = {Karp, R M},
    editor = {Miller, R E and Thatcher, J W},
    pages = {85--103},
    publisher = {Plenum Press},
    keywords = {complexity, file-import-08-08-04}
}

@article{Szegedy2015,
    title = {{Rethinking the Inception Architecture for Computer Vision}},
    year = {2015},
    journal = {CoRR},
    author = {Szegedy, Christian and Vanhoucke, Vincent and Ioffe, Sergey and Shlens, Jonathon and Wojna, Zbigniew},
    volume = {abs/1512.0},
    url = {http://arxiv.org/abs/1512.00567}
}

@article{Bellingham2007,
    title = {{Robotics in remote and hostile environments.}},
    year = {2007},
    journal = {Science (New York, N.Y.)},
    author = {Bellingham, James G and Rajan, Kanna},
    number = {5853},
    month = {11},
    pages = {1098--102},
    volume = {318},
    url = {http://www.ncbi.nlm.nih.gov/pubmed/18006738},
    doi = {10.1126/science.1146230},
    issn = {1095-9203},
    pmid = {18006738}
}

@phdthesis{Deep:MS:2000,
    title = {{Robust Object Recognition using Local Appearance based Methods}},
    year = {2000},
    author = {Jugessur, Deeptiman},
    school = {McGill}
}

@article{Deuflhard2005,
    title = {{Robust Perron cluster analysis in conformation dynamics}},
    year = {2005},
    journal = {Linear Algebra and its Applications},
    author = {Deuflhard, Peter and Weber, Marcus},
    pages = {161--184},
    volume = {398},
    url = {http://www.sciencedirect.com/science/article/B6V0R-4F29J0H-4/2/75d981576671e6a40d5dea4dafd5a2ce},
    doi = {DOI: 10.1016/j.laa.2004.10.026},
    issn = {0024-3795},
    keywords = {Conformation dynamics}
}

@article{Dudek:ICRA:2000,
    title = {{Robust Place Recognition using Local Appearance based Methods}},
    year = {2000},
    journal = {IEEE International Conference on Robotics and Automation (ICRA)},
    author = {Dudek, Gregory and Jugessur, Deeptiman},
    month = {4}
}

@misc{Girdhar,
    title = {{ROST: Realtime Online Spatiotemporal Topic Modeling}},
    year = {2014},
    author = {Girdhar, Yogesh},
    url = {http://cim.mcgill.ca/{\~{}}yogesh/rost/}
}

@inproceedings{Bruce2005,
    title = {{Saliency based on information maximization}},
    year = {2005},
    booktitle = {Advances in neural information {\ldots}},
    author = {Bruce, Neil and Tsotsos, John},
    pages = {155--162},
    url = {http://machinelearning.wustl.edu/mlpapers/paper{\_}files/NIPS2005{\_}81.pdf}
}

@inproceedings{Hou2007,
    title = {{Saliency Detection: A Spectral Residual Approach}},
    year = {2007},
    booktitle = {2007 IEEE Conference on Computer Vision and Pattern Recognition},
    author = {Hou, Xiaodi and Zhang, Liqing},
    number = {800},
    month = {6},
    pages = {1--8},
    publisher = {IEEE},
    url = {http://ieeexplore.ieee.org/xpls/abs{\_}all.jsp?arnumber=4270292 http://ieeexplore.ieee.org/lpdocs/epic03/wrapper.htm?arnumber=4270292},
    isbn = {1-4244-1179-3},
    doi = {10.1109/CVPR.2007.383267}
}

@inproceedings{Hollinger2013,
    title = {{Sampling-based Motion Planning for Robotic Information Gathering}},
    year = {2013},
    booktitle = {Robotics: Science and Systems},
    author = {Hollinger, Geoffrey A. and Sukhatme, Gaurav S.},
    pages = {72--983},
    url = {http://www.roboticsproceedings.org/rss09/p51.pdf}
}

@inproceedings{Nister:2006,
    title = {{Scalable Recognition with a Vocabulary Tree}},
    year = {2006},
    booktitle = {Computer Vision and Pattern Recognition, 2006 IEEE Computer Society Conference on},
    author = {Nister, D and Stewenius, H},
    pages = {2161--2168},
    volume = {2},
    doi = {10.1109/CVPR.2006.264},
    issn = {1063-6919}
}

@incollection{Bosch:2006,
    title = {{Scene Classification Via pLSA}},
    year = {2006},
    booktitle = {Computer Vision -- ECCV 2006},
    author = {Bosch, Anna and Zisserman, Andrew and Mu{\~{n}}oz, Xavier},
    editor = {Leonardis, Aleš and Bischof, Horst and Pinz, Axel},
    pages = {517--530},
    series = {Lecture Notes in Computer Science},
    volume = {3954},
    publisher = {Springer Berlin / Heidelberg},
    doi = {10.1007/11744085{\_}40},
    keywords = {pLSA, visual search, visual words}
}

@inproceedings{Paul:ICRA:2011,
    title = {{Self Help: Seeking Out Perplexing Images for Ever Improving Navigation}},
    year = {2011},
    booktitle = {Proc. IEEE International Conference on Robotics and Automation (ICRA'11)},
    author = {Paul, Rohan and Newman, Paul},
    month = {5},
    pages = {445--451},
    address = {Shanghai}
}

@article{Paul2013,
    title = {{Self-help: Seeking out perplexing images for ever improving topological mapping}},
    year = {2013},
    journal = {The International Journal of Robotics Research},
    author = {Paul, R. and Newman, P.},
    number = {14},
    month = {11},
    pages = {1742--1766},
    volume = {32},
    url = {http://ijr.sagepub.com/cgi/content/long/32/14/1742},
    doi = {10.1177/0278364913509859},
    issn = {0278-3649}
}

@article{Lienou2010,
    title = {{Semantic Annotation of Satellite Images Using Latent Dirichlet Allocation}},
    year = {2010},
    journal = {Geoscience and Remote Sensing Letters, IEEE},
    author = {Lienou, M and Maitre, H and Datcu, Mihai},
    number = {1},
    pages = {28--32},
    volume = {7},
    url = {http://ieeexplore.ieee.org/xpls/abs{\_}all.jsp?arnumber=5184874},
    doi = {10.1109/LGRS.2009.2023536}
}

@book{Jackendoff,
    title = {{Semantics and cognition}},
    year = {1983},
    author = {Jackendoff, Ray},
    publisher = {MIT Press Cambridge, MA, USA}
}

@article{PIQ:PIQ20099,
    title = {{Seven plus or minus two}},
    year = {2011},
    journal = {Performance Improvement Quarterly},
    author = {Farrington, Jeanne},
    number = {4},
    pages = {113--116},
    volume = {23},
    publisher = {John Wiley {\&} Sons, Inc.},
    url = {http://dx.doi.org/10.1002/piq.20099},
    doi = {10.1002/piq.20099},
    issn = {1937-8327}
}

@incollection{Ferrari:2006,
    title = {{Simultaneous Object Recognition and Segmentation by Image Exploration}},
    year = {2006},
    booktitle = {Toward Category-Level Object Recognition},
    author = {Ferrari, Vittorio and Tuytelaars, Tinne and Van Gool, Luc and Gool, Luc Van},
    editor = {Ponce, Jean and Hebert, Martial and Schmid, Cordelia and Zisserman, Andrew},
    pages = {145--169},
    series = {Lecture Notes in Computer Science},
    volume = {4170},
    publisher = {Springer Berlin / Heidelberg},
    url = {http://dx.doi.org/10.1007/11957959{\_}8},
    keywords = {exploration}
}

@book{Wasserman,
    title = {{Social network analysis: Methods and applications}},
    year = {0},
    author = {Wasserman, Stanley and Faust., Katherine},
    publisher = {Cambridge university press},
    isbn = {0 521 38707 8}
}

@inproceedings{MacQueen1967,
    title = {{Some methods for classification and analysis of multivariate observations}},
    year = {1967},
    booktitle = {Proceedings of the fifth Berkeley symposium on mathematical statistics and probability},
    author = {MacQueen, James}
}

@article{Erdos:1960,
    title = {{Some problems concerning the structure of random walk paths}},
    year = {1960},
    journal = {Acta Mathematica Hungarica},
    author = {Erdos, P and Taylor, S J},
    number = {1},
    pages = {137--162},
    volume = {11},
    publisher = {Akad{\{}{\'{e}}{\}}miai Kiad{\{}{\'{o}}{\}}, co-published with Springer Science+Business Media B.V., Formerly Kluwer Academic Publishers B.V.},
    url = {http://dx.doi.org/10.1007/BF02020631},
    issn = {0236-5294},
    keywords = {random walk}
}

@article{Dvoretzky1951,
    title = {{Some problems on random walk in space}},
    year = {1951},
    journal = {Proc. Second Berkeley Symp. Math. Statist.},
    author = {Dvoretzky, A and Erdos, P},
    pages = {353--367},
    url = {http://ftp.bolyai.hu/{\~{}}p{\_}erdos/1951-14.pdf},
    keywords = {random walk}
}

@inproceedings{Wang2007,
    title = {{Spatial Latent Dirichlet Allocation}},
    year = {2007},
    booktitle = {Advances in Neural Information Processing Systems},
    author = {Wang, Xiaogang and Grimson, Eric},
    pages = {1577–1584},
    volume = {20},
    url = {http://people.csail.mit.edu/xgwang/papers/STLDA.pdf}
}

@article{Govindarajan2015,
    title = {{Species- and stage-specific barnacle larval distributions obtained from AUV sampling and genetic analysis in Buzzards Bay, Massachusetts, USA}},
    year = {2015},
    journal = {Journal of Experimental Marine Biology and Ecology},
    author = {Govindarajan, Annette F. and Pineda, Jesús and Purcell, Mike and Breier, John A.},
    month = {11},
    pages = {158--165},
    volume = {472},
    url = {http://linkinghub.elsevier.com/retrieve/pii/S0022098115001963},
    doi = {10.1016/j.jembe.2015.07.012},
    issn = {00220981}
}

@incollection{Ailon2009,
    title = {{Streaming k-means approximation}},
    year = {2009},
    booktitle = {Advances in Neural Information Processing Systems 22},
    author = {Ailon, Nir and Jaiswal, Ragesh and Monteleoni, Claire},
    editor = {Bengio, Y and Schuurmans, D and Lafferty, J D and Williams, C K I and Culotta, A},
    pages = {10--18},
    publisher = {Curran Associates, Inc.},
    url = {http://papers.nips.cc/paper/3812-streaming-k-means-approximation.pdf}
}

@article{Koreitem2016,
    title = {{Subsea fauna enumeration using vision-based marine robots}},
    year = {2016},
    journal = {Conference on Computer and Robot Vision (CRV)},
    author = {Koreitem, Karim and Girdhar, Yogesh and Cho, Walter and Singh, Hanumant and Pineda, Jesus and Dudek, Gregory}
}

@inproceedings{Ju1998,
    title = {{Summarization of Video-Taped Presentations: Automatic Analysis of Motion and Gesture}},
    year = {1998},
    booktitle = {IEEE Transactions on Circuits and Systems for Video Technologies},
    author = {S.X. Ju M.J. Black, S Minneman and Kimber, D}
}

@inproceedings{Bay:ECCV:2006,
    title = {{SURF: Speeded Up Robust Features}},
    year = {2006},
    booktitle = {European Conference on Computer Vision},
    author = {Bay, Herbert and Tuytelaars, Tinne and Gool, Luc Van}
}

@inproceedings{Roy1996,
    title = {{Surface Sensing and Classification for Efficient Mobile Robot Navigation}},
    year = {1996},
    booktitle = {IEEE International Conference on Robotics and Automation},
    author = {Roy, Nicholas and Dudek, Gregory},
    pages = {1224--1228}
}

@inproceedings{Russell2003,
    title = {{Synthesizing evocative imagery through design patterns}},
    year = {2003},
    booktitle = {Proceedings of the 36th Annual Hawaii International Conference on System Sciences},
    author = {Russell, Daniel M and Dieberger, Andreas},
    pages = {4}
}

@article{Yoerger2007,
    title = {{Techniques for Deep Sea Near Bottom Survey Using an Autonomous Underwater Vehicle}},
    year = {2007},
    journal = {The International Journal of Robotics Research},
    author = {Yoerger, D. R. and Jakuba, M. and Bradley, A. M. and Bingham, B.},
    number = {1},
    month = {1},
    pages = {41--54},
    volume = {26},
    url = {http://ijr.sagepub.com/cgi/doi/10.1177/0278364907073773},
    doi = {10.1177/0278364907073773},
    issn = {0278-3649}
}

@article{Agarwal2015,
    title = {{TensorFlow: Large-Scale Machine Learning on Heterogeneous Distributed Systems}},
    year = {2015},
    author = {Agarwal, Ashish and Barham, Paul and Brevdo, Eugene and Chen, Zhifeng and Citro, Craig and Corrado, Greg S and Davis, Andy and Dean, Jeffrey and Devin, Matthieu and Ghemawat, Sanjay and Goodfellow, Ian and Harp, Andrew and Irving, Geoffrey and Isard, Michael and Jia, Yangqing and Jozefowicz, Rafal and Kaiser, Lukasz and Kudlur, Manjunath and Levenberg, Josh and Man, Dan and Monga, Rajat and Moore, Sherry and Murray, Derek and Olah, Chris and Schuster, Mike and Shlens, Jonathon and Steiner, Benoit and Sutskever, Ilya and Talwar, Kunal and Tucker, Paul and Vanhoucke, Vincent and Vasudevan, Vijay and Vi, Fernanda and Vinyals, Oriol and Warden, Pete and Wattenberg, Martin and Wicke, Martin and Yu, Yuan and Zheng, Xiaoqiang}
}

@article{Julesz1981,
    title = {{Textons, the elements of texture perception, and their interactions}},
    year = {1981},
    journal = {Nature},
    author = {Julesz, Bela},
    number = {5802},
    month = {3},
    pages = {91--97},
    volume = {290},
    url = {http://www.nature.com/doifinder/10.1038/290091a0},
    doi = {10.1038/290091a0},
    issn = {0028-0836}
}

@article{Turner:BC:1986,
    title = {{Texture discrimination by Gabor functions}},
    year = {1986},
    journal = {Biological Cybernetics},
    author = {Turner, Mark R},
    number = {2},
    pages = {71--82},
    volume = {55},
    publisher = {Springer},
    keywords = {gabor, texture}
}

@article{Foley2009,
    title = {{The 2005 Chios Ancient Shipwreck Survey: New Methods for Underwater Archaeology}},
    year = {2009},
    journal = {Hesperia},
    author = {Foley, Brendan P and Dellaporta, Katerina and Sakellariou, Dimitris and Bingham, Brian S and Camilli, Richard and Eustice, Ryan M and Evagelistis, Dionysis and Ferrini, Vicki Lynn and Katsaros, Kostas and Kourkoumelis, Dimitris and Mallios, Aggelos and Micha, Paraskevi and Mindell, David A and Roman, Christopher and Singh, Hanumant and Switzer, David S and Theodoulou, Theotokis},
    number = {2},
    month = {6},
    pages = {269--305},
    volume = {78},
    url = {http://www.atypon-link.com/ASCS/doi/abs/10.2972/hesp.78.2.269},
    doi = {10.2972/hesp.78.2.269},
    issn = {0018-098X}
}

@techreport{Lourakis:TR:2004,
    title = {{The Design and Implementation of a Generic Sparse Bundle Adjustment Software Package Based on the Levenberg-Marquardt Algorithm}},
    year = {2004},
    author = {Lourakis, M I A and Argyros, A A},
    number = {340},
    institution = {Institute of Computer Science - FORTH},
    address = {Heraklion, Crete, Greece}
}

@inproceedings{Ke:CVPR:2006,
    title = {{The Design of High-Level Features for Photo Quality Assessment}},
    year = {2006},
    booktitle = {Computer Vision and Pattern Recognition, 2006 IEEE Computer Society Conference on},
    author = {Ke, Yan and Tang, Xiaoou and Jing, Feng},
    pages = {419--426},
    volume = {1},
    doi = {10.1109/CVPR.2006.303},
    issn = {1063-6919},
    keywords = {photography}
}

@techreport{Ranga:2004,
    title = {{The Dirichlet Process Mixture (DPM) Model}},
    year = {2004},
    author = {Ranganathan, Ananth},
    keywords = {BNP, DPM, Dirichlet, Mixture}
}

@article{Kemp2008,
    title = {{The discovery of structural form.}},
    year = {2008},
    journal = {Proceedings of the National Academy of Sciences of the United States of America},
    author = {Kemp, Charles and Tenenbaum, Joshua B},
    number = {31},
    month = {8},
    pages = {10687--92},
    volume = {105},
    url = {http://www.pubmedcentral.nih.gov/articlerender.fcgi?artid=2492756{\&}tool=pmcentrez{\&}rendertype=abstract},
    doi = {10.1073/pnas.0802631105},
    issn = {1091-6490},
    pmid = {18669663},
    keywords = {Algorithms, Data Interpretation, Humans, Learning, Learning: physiology, Models, Research Design, Statistical, Theoretical}
}

@article{Bollobas1984,
    title = {{The Evolution of Random Graphs}},
    year = {1984},
    journal = {Transactions of the American Mathematical Society},
    author = {Bollobas, Bela},
    number = {1},
    month = {11},
    pages = {257},
    volume = {286},
    url = {http://www.jstor.org/stable/1999405?origin=crossref},
    doi = {10.2307/1999405},
    issn = {00029947}
}

@inproceedings{Broder:SODA:2008,
    title = {{The hiring problem and Lake Wobegon strategies}},
    year = {2008},
    booktitle = {SODA '08: Proceedings of the nineteenth annual ACM-SIAM symposium on Discrete algorithms},
    author = {Broder, Andrei Z and Kirsch, Adam and Kumar, Ravi and Mitzenmacher, Michael and Upfal, Eli and Vassilvitskii, Sergei},
    pages = {1184--1193},
    publisher = {Society for Industrial and Applied Mathematics},
    address = {Philadelphia, PA, USA}
}

@article{Broder2010,
    title = {{The Hiring Problem and Lake Wobegon Strategies}},
    year = {2010},
    journal = {SIAM Journal on Computing},
    author = {Broder, Andrei Z. and Kirsch, Adam and Kumar, Ravi and Mitzenmacher, Michael and Upfal, Eli and Vassilvitskii, Sergei},
    number = {4},
    month = {1},
    pages = {1233--1255},
    volume = {39},
    url = {http://link.aip.org/link/SMJCAT/v39/i4/p1233/s1{\&}Agg=doi http://epubs.siam.org/doi/abs/10.1137/07070629X},
    doi = {10.1137/07070629X},
    issn = {0097-5397}
}

@article{Miller1956,
    title = {{The magical number seven, plus or minus two: some limits on our capacity for processing information.}},
    year = {1956},
    journal = {Psychological review},
    author = {Miller, G.A.},
    number = {1},
    pages = {81–97},
    volume = {63},
    url = {http://psycnet.apa.org/journals/rev/63/2/81/}
}

@article{Blei2010,
    title = {{The nested Chinese restaurant process and Bayesian nonparametric inference of topic hierarchies}},
    year = {2007},
    journal = {Journal of the ACM},
    author = {Blei, David M. and Griffiths, Thomas L. and Jordan, Michael I.},
    number = {2},
    month = {1},
    pages = {1--30},
    volume = {57},
    url = {http://portal.acm.org/citation.cfm?doid=1667053.1667056 http://arxiv.org/abs/0710.0845},
    isbn = {00045411},
    doi = {10.1145/1667053.1667056},
    issn = {00045411},
    arxivId = {0710.0845}
}

@article{Bradski:2000:OpenCV,
    title = {{The opencv library}},
    year = {2000},
    journal = {Doctor Dobbs Journal},
    author = {Bradski, G},
    number = {11},
    pages = {120--126},
    volume = {25},
    publisher = {M AND T PUBLISHING INC}
}

@article{Dynkin:SovMath:1963,
    title = {{The optimum choice of the instant for stopping a Markov process}},
    year = {1963},
    journal = {Soviet Math. Dokl},
    author = {Dynkin, Eugene Borisovich},
    volume = {4}
}

@article{Gerkey2003PS,
    title = {{The Player/Stage project: tools for multi-robot and distributed sensor systems}},
    year = {2003},
    journal = {11th International Conference on Advanced Robotics},
    author = {Gerkey, Brian P and Vaughan, Richard T and Howard, Andrew},
    pages = {317--323}
}

@article{Freeman:ISR:1983,
    title = {{The secretary problem and its extensions: A review}},
    year = {1983},
    journal = {International Statistical Review},
    author = {Freeman, P R},
    keywords = {secretary}
}

@article{Aslam2004,
    title = {{The Star Clustering Algorithm for Static and Dynamic Information Organization}},
    year = {2004},
    journal = {J. Graph Algorithms Appl.},
    author = {Aslam, Javed A and Pelekhov, Ekaterina and Rus, Daniela},
    number = {1},
    pages = {95--129},
    volume = {8},
    url = {http://www.emis.ams.org/journals/JGAA/accepted/2004/Aslam+2004.8.1.pdf}
}

@article{Tomita2006,
    title = {{The worst-case time complexity for generating all maximal cliques and computational experiments}},
    year = {2006},
    journal = {Theoretical Computer Science},
    author = {Tomita, Etsuji and Tanaka, Akira and Takahashi, Haruhisa},
    number = {1},
    month = {10},
    pages = {28--42},
    volume = {363},
    url = {http://linkinghub.elsevier.com/retrieve/pii/S0304397506003586},
    doi = {10.1016/j.tcs.2006.06.015},
    issn = {03043975}
}

@inproceedings{Banerjee2007,
    title = {{Topic Models over Text Streams: A Study of Batch and Online Unsupervised Learning}},
    year = {2007},
    booktitle = {SIAM International Conference on Data Mining},
    author = {Banerjee, Arindam and Basu, Sugato},
    pages = {6},
    url = {http://epubs.siam.org/doi/abs/10.1137/1.9781611972771.40},
    doi = {10.1137/1.9781611972771.40}
}

@article{Rigby2010,
    title = {{Toward Adaptive Benthic Habitat Mapping Using Gaussian Process Classiﬁcation}},
    year = {2010},
    journal = {Journal of Field Robotics},
    author = {Rigby, Paul and Pizarro, Oscar and Williams, SB},
    number = {6},
    pages = {741--758},
    volume = {27},
    url = {http://onlinelibrary.wiley.com/doi/10.1002/rob.20372/full},
    doi = {10.1002/rob}
}

@inproceedings{Jakuba2011,
    title = {{Toward automatic classification of chemical sensor data from autonomous underwater vehicles}},
    year = {2011},
    booktitle = {2011 IEEE/RSJ International Conference on Intelligent Robots and Systems},
    author = {Jakuba, Michael V. and Steinberg, Daniel and Kinsey, James C. and Yoerger, Dana R. and Camilli, Richard and Pizarro, Oscar and Williams, Stefan B.},
    month = {9},
    pages = {4722--4727},
    publisher = {IEEE},
    url = {http://ieeexplore.ieee.org/lpdocs/epic03/wrapper.htm?arnumber=6095158},
    isbn = {978-1-61284-456-5},
    doi = {10.1109/IROS.2011.6095158}
}

@article{Kunz2009,
    title = {{Toward extraplanetary under-ice exploration: Robotic steps in the Arctic}},
    year = {2009},
    journal = {Journal of Field Robotics},
    author = {Kunz, Clayton and Murphy, Chris and Singh, Hanumant and Pontbriand, Claire and Sohn, Robert A. and Singh, Sandipa and Sato, Taichi and Roman, Chris and Nakamura, Ko-ichi and Jakuba, Michael and Eustice, Ryan and Camilli, Richard and Bailey, John},
    number = {4},
    month = {4},
    pages = {411--429},
    volume = {26},
    url = {http://onlinelibrary.wiley.com/doi/10.1002/rob.20288/abstract http://doi.wiley.com/10.1002/rob.20288},
    doi = {10.1002/rob.20288},
    issn = {15564959}
}

@article{Singh2007,
    title = {{Towards High-resolution Imaging from Underwater Vehicles}},
    year = {2007},
    journal = {The International Journal of Robotics Research},
    author = {Singh, H. and Roman, C. and Pizarro, O. and Eustice, R. and Can, A.},
    number = {1},
    month = {1},
    pages = {55--74},
    volume = {26},
    url = {http://ijr.sagepub.com/cgi/doi/10.1177/0278364907074473},
    doi = {10.1177/0278364907074473},
    issn = {0278-3649}
}

@inproceedings{Ranganathan2013,
    title = {{Towards illumination invariance for visual localization}},
    year = {2013},
    booktitle = {2013 IEEE International Conference on Robotics and Automation},
    author = {Ranganathan, Ananth and Matsumoto, Shohei and Ilstrup, David},
    month = {5},
    pages = {3791--3798},
    publisher = {IEEE},
    url = {http://ieeexplore.ieee.org/lpdocs/epic03/wrapper.htm?arnumber=6631110},
    isbn = {978-1-4673-5643-5},
    doi = {10.1109/ICRA.2013.6631110}
}

@inproceedings{Dudek2009,
    title = {{Towards Navigation Summaries: Automated Production of a Synopsis of a Robot Trajectories}},
    year = {2009},
    booktitle = {2009 Canadian Conference on Computer and Robot Vision},
    author = {Dudek, Gregory and Lobos, John-Paul},
    month = {5},
    pages = {93--100},
    publisher = {IEEE},
    url = {http://ieeexplore.ieee.org/lpdocs/epic03/wrapper.htm?arnumber=5230533},
    isbn = {978-1-4244-4211-9},
    doi = {10.1109/CRV.2009.43}
}

@inproceedings{Campbell2015,
    title = {{Towards Quantifying Avoidance and Attraction of Reef Fish to Mobile Video Survey Platforms}},
    year = {2015},
    booktitle = {145th Annual Meeting of the American Fisheries Society},
    author = {Campbell, Matthew and Frappier, Ariane and Somerton, David and Clarke, M. Elizabeth and Murawski, Steven and Taylor, J. Christopher and Wakefield, W. Waldo and Singh, Hanumant and Jacques, Dale A. and Ebert, Erik and Girdhar, Yogesh and Fruh, Erica and Taylor, Jeremy and Lembke, Chad}
}

@article{Kollar2008,
    title = {{Trajectory optimization using reinforcement learning for map exploration}},
    year = {2008},
    journal = {The International Journal of Robotics Research},
    author = {Kollar, Thomas and Roy, Nicholas},
    number = {June},
    pages = {175--197},
    volume = {27(2)},
    url = {http://ijr.sagepub.com/content/27/2/175.short}
}

@article{Daugman:OSA:1985,
    title = {{Uncertainty relation for resolution in space, spatial frequency, and orientation optimized by two-dimensional visual cortical filters}},
    year = {1985},
    journal = {Journal of the Optical Society of America A},
    author = {Daugman, John G},
    number = {7},
    pages = {1160--1169},
    volume = {2},
    publisher = {OSA},
    keywords = {gabor, texture}
}

@inproceedings{Sattar:RSS:2009,
    title = {{Underwater human-robot interaction via biological motion identification}},
    year = {2009},
    booktitle = {Proceedings of Robotics: Science and Systems},
    author = {Sattar, J and Dudek, G},
    month = {6},
    address = {Seattle, USA}
}

@article{Giorgio-Serchi2016,
    title = {{Underwater soft-bodied pulsed-jet thrusters: Actuator modeling and performance profiling}},
    year = {2016},
    journal = {The International Journal of Robotics Research},
    author = {Giorgio-Serchi, Francesco and Arienti, Andrea and Laschi, Cecilia},
    number = {11},
    month = {9},
    pages = {1308--1329},
    volume = {35},
    url = {http://ijr.sagepub.com/cgi/doi/10.1177/0278364915622569},
    doi = {10.1177/0278364915622569},
    issn = {0278-3649}
}

@inproceedings{manley2008unmanned,
    title = {{Unmanned surface vehicles, 15 years of development}},
    year = {2008},
    booktitle = {Proc. of the 2008 OCEANS Conference},
    author = {Manley, J E},
    pages = {1--4}
}

@article{Brown:3DIM:2005,
    title = {{Unsupervised 3D Object Recognition and Reconstruction in Unordered Datasets}},
    year = {2005},
    journal = {5th International Conference on 3D Imaging and Modelling (3DIM2005)},
    author = {Brown, Matthew and Lowe, David. G}
}

@inproceedings{Wang2007a,
    title = {{Unsupervised Activity Perception by Hierarchical Bayesian Models}},
    year = {2007},
    booktitle = {2007 IEEE Conference on Computer Vision and Pattern Recognition},
    author = {Wang, Xiaogang and Ma, Xiaoxu and Grimson, Eric},
    month = {6},
    pages = {1--8},
    publisher = {IEEE},
    url = {http://ieeexplore.ieee.org/lpdocs/epic03/wrapper.htm?arnumber=4270097},
    isbn = {1-4244-1179-3},
    doi = {10.1109/CVPR.2007.383072}
}

@inproceedings{Sivic:2008:CVPR,
    title = {{Unsupervised discovery of visual object class hierarchies}},
    year = {2008},
    booktitle = {2008 IEEE Conference on Computer Vision and Pattern Recognition},
    author = {Sivic, Josef and Russell, Bryan C and Zisserman, Andrew and Freeman, William T and Efros, Alexei A},
    month = {6},
    pages = {1--8},
    publisher = {IEEE},
    url = {http://ieeexplore.ieee.org/lpdocs/epic03/wrapper.htm?arnumber=4587622},
    isbn = {978-1-4244-2242-5},
    doi = {10.1109/CVPR.2008.4587622}
}

@inproceedings{Kalmbach2013,
    title = {{Unsupervised environment recognition and modeling using sound sensing}},
    year = {2013},
    booktitle = {2013 IEEE International Conference on Robotics and Automation},
    author = {Kalmbach, Arnold and Girdhar, Yogesh and Dudek, Gregory},
    month = {5},
    pages = {2699--2704},
    publisher = {IEEE},
    url = {http://ieeexplore.ieee.org/lpdocs/epic03/wrapper.htm?arnumber=6630948},
    address = {Karlsruhe, Germany},
    isbn = {978-1-4673-5643-5},
    doi = {10.1109/ICRA.2013.6630948}
}

@inproceedings{Lee2009a,
    title = {{Unsupervised feature learning for audio classification using convolutional deep belief networks}},
    year = {2009},
    booktitle = {Advances in neural information processing systems},
    author = {Lee, Honglak and Pham, Pt and Largman, Y and Ng, Ay},
    pages = {1--9},
    url = {https://papers.nips.cc/paper/3674-unsupervised-feature-learning-for-audio-classification-using-convolutional-deep-belief-networks.pdf},
    isbn = {9781605585161},
    doi = {10.1145/1553374.1553453},
    issn = {02643294},
    pmid = {20957573},
    arxivId = {arXiv:1301.3605v3}
}

@article{Hofmann:2001,
    title = {{Unsupervised Learning by Probabilistic Latent Semantic Analysis}},
    year = {2001},
    journal = {Machine Learning},
    author = {Hofmann, Thomas},
    number = {1},
    pages = {177--196},
    volume = {42},
    publisher = {Springer Netherlands},
    doi = {10.1023/A:1007617005950},
    issn = {0885-6125},
    keywords = {PLSA}
}

@inproceedings{Giguere:CRV:2009,
    title = {{Unsupervised Learning of Terrain Appearance for Automated Coral Reef Exploration}},
    year = {2009},
    booktitle = {Canadian Conference on Computer and Robot Vision},
    author = {Giguere, Philippe and Dudek, Gregory and Prahacs, Christopher and Plamondon, Nicolas and Turgeon, Katrine},
    month = {5},
    address = {Kelowna, British Columbia},
    keywords = {AQUA, coverage}
}

@inproceedings{Girdhar2016,
    title = {{Unsupervised Lifelong Learning for a Curious Underwater Exploration Robot}},
    year = {2016},
    booktitle = {ICRA 2016 Workshop: AI for Long-term Autonomy},
    author = {Girdhar, Yogesh and Singh, Hanumant},
    pages = {4}
}

@phdthesis{Girdhar2014,
    title = {{Unsupervised Semantic Perception, Summarization, and Autonomous Exploration for Robots in Unstructured Environments}},
    year = {2014},
    author = {Girdhar, Yogesh},
    pages = {139},
    url = {http://digitool.library.mcgill.ca:80/R/-?func=dbin-jump-full{\&}object{\_}id=129641{\&}silo{\_}library=GEN01},
    school = {McGill University}
}

@article{Jain:PR:1991,
    title = {{Unsupervised texture segmentation using Gabor filters}},
    year = {1991},
    journal = {Pattern Recognition},
    author = {Jain, A K and Farrokhnia, F},
    number = {12},
    pages = {1167--1186},
    volume = {24},
    publisher = {Elsevier},
    keywords = {gabor, texture}
}

@inproceedings{Takeuchi2007,
    title = {{User-adaptive home video summarization using personal photo libraries}},
    year = {2007},
    booktitle = {Proceedings of the 6th ACM international conference on Image and video retrieval CIVR '07},
    author = {Takeuchi, Y and Sugimoto, M}
}

@article{Dellaert:CVPR:1999,
    title = {{Using the Condensation Algorithm for Robust, Vision-based Mobile Robot Localization}},
    year = {1999},
    journal = {IEEE Computer Vision and Pattern Recognition (CVPR)},
    author = {Dellaert, Frank and Burgard, Wolfram and Fox, Dieter and Thrun, Sebastian},
    month = {6}
}

@article{Ballard2009,
    title = {{Using the Seabed AUV to Assess Populations of Groundfish in Untrawlable Areas}},
    year = {2009},
    author = {Clarke, M Elizabeth and Tolimieri, Nick and Singh, Hanumant},
    pages = {357--372},
    doi = {10.1007/978-1-4020-9210-7{\_}20},
    keywords = {autonomous underwater vehicle, auv, fishery-independent surveys, groundfish, underwater imaging}
}

@article{Truong2007,
    title = {{Video abstraction}},
    year = {2007},
    journal = {ACM Transactions on Multimedia Computing, Communications, and Applications},
    author = {Truong, Ba Tu and Venkatesh, Svetha},
    number = {1},
    month = {2},
    pages = {},
    volume = {3},
    url = {http://dl.acm.org/citation.cfm?id=1198302.1198305 http://portal.acm.org/citation.cfm?doid=1198302.1198305},
    doi = {10.1145/1198302.1198305},
    issn = {15516857},
    keywords = {Video summarization, keyframe, survey, video abstraction, video skimming}
}

@article{Hospedales2012,
    title = {{Video Behaviour Mining Using a Dynamic Topic Model}},
    year = {2012},
    journal = {International Journal of Computer Vision},
    author = {Hospedales, Timothy and Gong, Shaogang and Xiang, Tao},
    number = {3},
    month = {7},
    pages = {303--323},
    volume = {98},
    url = {http://link.springer.com/10.1007/s11263-011-0510-7},
    doi = {10.1007/s11263-011-0510-7},
    issn = {0920-5691}
}

@inproceedings{Sivic:ICCV:2003:videogoogle,
    title = {{Video Google: a text retrieval approach to object matching in videos}},
    year = {2003},
    booktitle = {Proceedings Ninth IEEE International Conference on Computer Vision},
    author = {Sivic, Josef and Zisserman, Andrew},
    pages = {1470--1477},
    publisher = {IEEE},
    url = {http://ieeexplore.ieee.org/lpdocs/epic03/wrapper.htm?arnumber=1238663},
    address = {Nice, France},
    isbn = {0-7695-1950-4},
    doi = {10.1109/ICCV.2003.1238663}
}

@incollection{Sivic:2006:videogoogle,
    title = {{Video Google: Efficient Visual Search of Videos}},
    year = {2006},
    booktitle = {Toward Category-Level Object Recognition},
    author = {Sivic, Josef and Zisserman, Andrew},
    editor = {Ponce, Jean and Hebert, Martial and Schmid, Cordelia and Zisserman, Andrew},
    pages = {127--144},
    series = {Lecture Notes in Computer Science},
    volume = {4170},
    publisher = {Springer Berlin / Heidelberg},
    url = {http://dx.doi.org/10.1007/11957959{\_}7},
    doi = {10.1007/11957959{\_}7}
}

@inproceedings{Uchihashi99videomanga:,
    title = {{Video manga: Generating semantically meaningful video summaries}},
    year = {1999},
    booktitle = {Proceedings of the seventh ACM international conference on Multimedia},
    author = {Uchihashi, Shingo and Foote, Jonathan and Girgensohn, Andreas and Boreczky, John},
    pages = {383--392},
    publisher = {ACM Press}
}

@article{Smith97videoskimming,
    title = {{Video Skimming and Characterization through the Combination of Image and Language Understanding}},
    year = {1998},
    journal = {Content-Based Access of Image and Video Databases, Workshop on},
    author = {Smith, Michael A and Kanade, Takeo},
    pages = {61},
    volume = {0},
    publisher = {IEEE Computer Society},
    address = {Los Alamitos, CA, USA},
    isbn = {0-8186-8329-5},
    doi = {http://doi.ieeecomputersociety.org/10.1109/CAIVD.1998.646034}
}

@article{Ngo:CSVT:2005,
    title = {{Video summarization and scene detection by graph modeling}},
    year = {2005},
    journal = {IEEE Transactions on Circuits and Systems for Video Technology},
    author = {Ngo, Chong-Wah and Ma, Yu-Fei and Zhang, Hong-Jiang},
    number = {2},
    pages = {296--305},
    volume = {15},
    publisher = {Citeseer}
}

@inproceedings{Gong:CVPR:2000,
    title = {{Video summarization using singular value decomposition}},
    year = {2000},
    booktitle = {Proceedings IEEE Conference on Computer Vision and Pattern Recognition. CVPR 2000},
    author = {Gong, Yihong and Liu, Xin},
    pages = {174--180},
    volume = {2},
    publisher = {IEEE Comput. Soc},
    url = {http://ieeexplore.ieee.org/lpdocs/epic03/wrapper.htm?arnumber=854772},
    address = {Hilton Head Island, SC},
    isbn = {0-7695-0662-3},
    doi = {10.1109/CVPR.2000.854772}
}

@inproceedings{Konolige:RSS:2009,
    title = {{View-based maps}},
    year = {2009},
    booktitle = {Robotics: Science and Systems Conference (RSS)},
    author = {Konolige, Kurt and Bowman, James and Chen, JD and Mihelich, Patrick and Calonder, Michael and Lepetit, Vincent and Fua, Pascal}
}

@techreport{Girdhar2008,
    title = {{Vision Based Mobile Robot Pose Estimation and Mapping}},
    year = {2008},
    author = {Girdhar, Yogesh A},
    pages = {1--14},
    institution = {McGill University},
    keywords = {SLAM, keypoints, localization, stereo vision}
}

@article{Lowry2016,
    title = {{Visual Place Recognition: A Survey}},
    year = {2016},
    journal = {IEEE Transactions on Robotics},
    author = {Lowry, Stephanie and Sunderhauf, Niko and Newman, Paul and Leonard, John J. and Cox, David and Corke, Peter and Milford, Michael J.},
    number = {1},
    month = {2},
    pages = {1--19},
    volume = {32},
    url = {http://ieeexplore.ieee.org/lpdocs/epic03/wrapper.htm?arnumber=7339473},
    doi = {10.1109/TRO.2015.2496823},
    issn = {1552-3098}
}

@article{Li2013,
    title = {{Visual saliency based on scale-space analysis in the frequency domain.}},
    year = {2013},
    journal = {IEEE transactions on pattern analysis and machine intelligence},
    author = {Li, Jian and Levine, Martin D and An, Xiangjing and Xu, Xin and He, Hangen},
    number = {4},
    month = {4},
    pages = {996--1010},
    volume = {35},
    url = {http://www.ncbi.nlm.nih.gov/pubmed/22802112},
    isbn = {2011090660},
    doi = {10.1109/TPAMI.2012.147},
    issn = {1939-3539},
    pmid = {22802112},
    keywords = {Algorithms, Animals, Automated, Automated: methods, Computer-Assisted, Fourier Analysis, Models, Neurological, Pattern Recognition, Primates, Signal Processing, Visual Perception, Visual Perception: physiology}
}

@inproceedings{Chaney2012a,
    title = {{Visualizing Topic Models.}},
    year = {2012},
    booktitle = {Proceedings of the Sixth International AAAI Conference on Weblogs and Social Media},
    author = {Chaney, Ajb and Blei, Dm},
    pages = {419--422},
    isbn = {9781577355564},
    keywords = {Short Papers}
}

@article{DoerschCarlandSinghSaurabhandGuptaAbhinavandSivicJosefandEfros2012,
    title = {{What makes Paris look like Paris?}},
    year = {2012},
    journal = {ACM Transactions on Graphics (TOG)},
    author = {Doersch, Carl and Singh, Saurabh and Gupta, Abhinav and Sivic, Josef and Efros, Alexei A},
    number = {4},
    pages = {101:1--101:9},
    volume = {31},
    doi = {10.1145/2185520.2185597}
}

@article{Ferguson:statsci:1989,
    title = {{Who Solved the Secretary Problem?}},
    year = {1989},
    journal = {Statistical Science},
    author = {Ferguson, Thomas S},
    number = {3},
    pages = {282--296},
    volume = {4},
    keywords = {secretary}
}

@inproceedings{Giguere2013,
    title = {{Wide-Speed Autopilot System for a Swimming Hexapod Robot}},
    year = {2013},
    booktitle = {2013 International Conference on Computer and Robot Vision},
    author = {Giguere, Philippe and Girdhar, Yogesh and Dudek, Gregory},
    month = {5},
    pages = {9--15},
    publisher = {IEEE},
    url = {http://ieeexplore.ieee.org/lpdocs/epic03/wrapper.htm?arnumber=6569178},
    isbn = {978-0-7695-4983-5},
    doi = {10.1109/CRV.2013.13},
    keywords = {Control, Gain Scheduling, Oscillating Foils, Station-keeping, Underwater robotics}
}

@article{Redmon2016,
    title = {{YOLO9000: Better, Faster, Stronger}},
    year = {2016},
    author = {Redmon, Joseph and Farhadi, Ali},
    month = {12},
    url = {http://arxiv.org/abs/1612.08242},
    arxivId = {1612.08242}
}

@incollection{Teh:2010:EML,
    title = {{{\{}D{\}}irichlet Processes}},
    year = {2010},
    booktitle = {Encyclopedia of Machine Learning},
    author = {Teh, Y W},
    publisher = {Springer},
    keywords = {BNP, Dirichlet}
}

@article{Culhane1995ArtificialAttention,
    title = {{Artificial Intelligence Modeling visual attention}},
    year = {1995},
    journal = {Artificial Intelligence},
    author = {Culhane, Sean M and Yan, Winky and Wai, Kei and Davis, Neal},
    number = {95},
    volume = {3702}
}

@article{Bauer2007BauerFrance.,
    title = {{Bauer, J., S¨ underhauf, N., {\&} Protzel, P. (2007). Comparing Several Implementations of Two Recently Published Feature Detectors. In Proc. of the International Conference on Intelligent and Autonomous Systems, IAV, Toulouse, France.}},
    year = {2007},
    journal = {International Journal},
    author = {Bauer, Johannes and Niko, S and Protzel, Peter}
}

@article{Adelmann2011ErrataTimes,
    title = {{Errata for Markov Chains and Mixing Times}},
    year = {2011},
    journal = {Solutions},
    author = {Adelmann, Anselm and Berestycki, Nathanael and Bormashenko, Olena and Fadnavis, Sukhada and Frieze, Alan and Holroyd, Ander and Jiang, John and Janson, Svante and Lubetzky, Eyal and Nachmias, Asaf and Nazarov, Fedja and Pinsky, Ross and Pralat, Pawel},
    number = {x},
    pages = {1--13}
}

@book{Bentley1986LucAlgorithms,
    title = {{Luc Devroye Lecture Notes on Bucket Algorithms}},
    year = {1986},
    booktitle = {Computer},
    author = {Bentley, J and Coffman, E and Graham, R L and Kuck, D},
    number = {6},
    isbn = {0817633286}
}

@article{Statistics2010NoTitle,
    title = {{No Title}},
    year = {2010},
    journal = {Statistics},
    author = {Statistics, Mathematical},
    number = {3},
    pages = {434--438},
    volume = {18}
}

@article{RandomSn,
    title = {{S,{\~{}}(n)}},
    author = {Random, O F and Paths, Walk}
}

@article{NistScalableTree,
    title = {{Scalable Recognition with a Vocabulary Tree}},
    journal = {Building},
    author = {Nist, David and Stew, Henrik}
}

@article{Itti1998ShortPapers,
    title = {{Short Papers}},
    year = {1998},
    journal = {Analysis},
    author = {Itti, Laurent and Koch, Christof and Niebur, Ernst},
    number = {11},
    pages = {1254--1259},
    volume = {20}
}

@article{Beaulieu2015WhereRidges,
    title = {{Where are the undiscovered hydrothermal vents on oceanic spreading ridges?}},
    year = {2015},
    journal = {Deep Sea Research Part II: Topical Studies in Oceanography},
    author = {Beaulieu, Stace E. and Baker, Edward T. and German, Christopher R.},
    pages = {202--212},
    volume = {121},
    doi = {10.1016/j.dsr2.2015.05.001},
    issn = {09670645}
}